2475 3967
266 289 309 347 ss
414 317 417 324 .
468 250 985 325 Auususursuru.x1.
1023 254 1028 263 ·

261 427 374 495 magna
390 409 594 493 peccavisset,
615 400 696 471 nibil
707 404 838 490 referre.
862 399 910 470 Ne
925 398 1037 467 Trauli
1053 400 1203 490 quidem

260 522 427 604 Montani,
449 520 560 609 equitis
580 518 735 613 Rotnani,
756 516 894 585 defensio
916 534 1042 605 recepta
1070 535 1146 585 est:
1174 521 1198 585 is

259 640 397 707 modesta
421 640 565 719 juventa,
595 636 646 703 sed
670 656 799 726 corpore
819 634 959 725 insigni,
989 632 1115 699 accitus
1145 634 1196 702 ul-.

259 772 330 837 tro,
360 752 540 844 nociemque
560 752 642 821 intra
663 774 754 819 unam
783 774 801 817 a
823 747 992 817 Messalina
1014 751 1194 837 proturba-

259 888 310 939 tus
330 888 417 951 eset,
439 869 559 959 paribus
578 868 708 937 lasciviis
729 865 767 935 ad
789 864 965 955 cupidinem
985 864 1019 933 δι
1036 862 1190 933 fastidia.
1213 868 1214 871 ’

258 985 362 1055 Suilio
378 986 563 1067 Caesonno,
589 983 625 1053 ἀ
641 984 762 1053 Plautio
782 981 939 1049 Laterano
962 1003 1045 1046 mors
1069 983 1188 1049 reont-

259 1102 355 1171 titur:
383 1102 455 1167 huic
475 1100 513 1166 ob
527 1101 629 1189 patrui
653 1066 813 1193 eg’regium
827 1099 972 1163 meritum
985 1102 1078 1184 (9'8);
1106 1096 1186 1165 Cae·

259 1216 480 1295 enuntietis
503 1216 658 1304 protelius
678 1235 745 1298 est,
774 1234 954 1304 tamquam,
983 1215 1014 1278 in
1038 1212 1096 1277 illo
1121 1210 1185 1282 foe-

262 1332 386 1407 dissimo
408 1346 514 1414 coetu,
535 1352 637 1421 passus
658 1332 829 1397 muliebria.

267 1494 275 1507 ·
316 1447 497 1517 XXXVII.
521 1447 652 1513 Interim
667 1448 834 1515 Messalina
849 1444 1038 1526 Lucullianis
1053 1445 1088 1510 in
1104 1444 1180 1511 hor-

259 1562 300 1630 tis
320 1565 474 1654 prolatare
493 1563 615 1645 vitam,
644 1584 830 1653 componere
857 1584 992 1651 preses,
1028 1562 1179 1627 nonnulla

257 1700 313 1769 spe
320 1726 335 1761 ,»
360 1677 395 1747 ὃ(
415 1678 578 1771 aliquando.
596 1680 666 1749 ita:
695 1695 800 1763 tanta,
830 1679 912 1746 inter
934 1682 1099 1760 extrema,
1127 1699 1180 1743 su-

257 1796 368 1887 perbis-
381 1796 508 1887 agebat.
531 1791 585 1863 Ac
609 1796 641 1865 ni
663 1798 779 1866 caedenr
802 1799 866 1877 ejus
883 1794 1037 1863 Narcissus
1062 1816 1177 1884 prope-

257 1913 412 1991 ratisset,
440 1929 579 1979 verterat
600 1920 687 1999 (99)
709 1914 859 2002 pernicies
888 1912 920 1977 in
941 1928 1175 1977 accusatorem.

257 2025 341 2091 Nam
360 2023 528 2103 Claudius,
561 2025 685 2093 domum
717 2048 892 2116 regressus,
928 2024 962 2093 sit
984 2027 1176 2115 tempestivis

257 2138 356 2229 epulis
377 2141 469 2223 (100)
491 2139 654 2219 delinitus,
674 2140 724 2207 ubi
747 2141 819 2207 vino
839 2141 1032 2225 incaluisset,¹
1059 2142 1101 2206 iri
1125 2142 1175 2221 ju-

258 2256 326 2335 bety
346 2256 549 2337 nuntiarique
568 2256 693 2323 misere
706 2262 719 2344 (
731 2254 789 2323 hoc
801 2255 883 2323 enlm
906 2261 997 2327 verbo
1021 2278 1103 2325 usum
1125 2254 1173 2322 fc-

256 2375 356 2453 runt)
392 2365 549 2435 dicendam
582 2367 766 2437 ascensam
796 2388 925 2461 postera
943 2376 993 2441 ds'e
1026 2374 1171 2441 adesset.

256 2483 357 2574 Quocl
368 2478 590 2565 uiantium,
609 2483 851 2579 &languescere
864 2490 928 2571 ira,
950 2491 1052 2558 redire
1067 2511 1165 2570 amor,

255 2620 294 2670 ac
315 2600 340 2667 si
360 2597 596 2683 euremarus,
615 2602 784 2695 propinqua
806 2626 889 2687 nux,
910 2602 946 2675 &
966 2606 1064 2671 uxorii
1085 2606 1169 2673 cubi·

254 2717 317 2783 culi
338 2717 484 2790 tremonia
499 2718 702 2807 timebantur3'
724 2723 898 2811 prorumpit
914 2720 1087 2805 Narcissus,
1110 2722 1165 2788 de·
1216 2770 1217 2787 t

254 2832 439 2922 nuntiatque
459 2831 684 2903 centurionibus
704 2812 738 2903 <lc
760 2838 909 2920 tribuno,
938 2839 991 2927 qui
1013 2836 1167 2918 aderant,

253 2952 381 3032 metui
400 2950 533 3019 eedem:
567 2957 617 3021 ita
638 2957 864 3043 Imperatorem
880 2952 1006 3039 jubere.
1054 2952 1168 3021 Custos

253 3060 430 3131 &exailos
457 3084 477 3129 e
496 3064 610 3134 libertis
631 3067 755 3135 Esodus
774 3066 888 3139 clatus.
933 3066 1024 3160 Isque
1054 3068 1166 3157 raptim

251 3176 283 3246 in
299 3179 403 3251 hortos
417 3199 622 3270 praegressus,
645 3186 764 3271 reperit
787 3182 884 3253 fusam
900 3184 1004 3267 humi,
1026 3184 1165 3251 adsiden-

249 3309 287 3359 te
305 3310 405 3365 matte
426 3292 546 3384 Lepida
575 3306 695 3385 (ros):
732 3322 803 3389 quae
831 3299 956 3367 florenti
985 3300 1056 3367 filias
1085 3298 1162 3366 haud

249 3432 395 3492 concors,
416 3412 562 3502 supremis
583 3416 649 3492 ejus
672 3415 900 3484 necessitatibus
930 3416 967 3483 ad
991 3416 1170 3483 miseratio-2
