2475 3967
118 262 216 339 AN.
225 264 270 337 U.
279 264 552 342 C.DCCCXIX.
561 264 839 337 AER.CHR.⁶6.
899 283 980 353 ιη’

51 418 218 487 entitare
245 417 284 485 ad
314 440 386 485 eum
408 420 549 502 nuntios,
576 418 612 487 dt
640 419 878 486 consultationes
900 441 964 487 non

51 551 146 601 istra
176 551 286 616 ratus,
307 513 397 601 sirnrd
418 558 548 603 annuam
569 536 729 627 pecuniam
750 558 767 602 a
791 532 827 601 P.
843 529 963 617 Anteio

54 649 215 717 nistrari
235 651 411 743 cognoscit.
434 650 546 743 Neque
567 652 701 719 nescium
722 651 870 734 habebat,
893 643 962 716 An·

50 772 133 848 ium
173 768 307 834 caritate
331 764 518 861 Agrippinae
543 768 675 837 invisum
706 766 847 851 Neroni,
873 786 965 857 opes·

51 905 86 949 re
115 885 200 963 ejus
220 883 388 973 praecipuas
407 884 445 951 nd
466 886 648 956 eliciendam
670 885 857 978 cupidinem,
878 904 965 949 eam*

51 1021 90 1065 te
123 1020 256 1066 causam
284 1001 389 1069 multis
417 1002 512 1069 exitio
539 1026 626 1072 esse.
656 1003 758 1095 Igitur
784 998 967 1090 interceptis

51 1116 161 1195 ,nteji
184 1115 304 1196 literis,
332 1114 450 1183 furatus
477 1118 572 1202 etiam
600 1118 742 1201 libellos,
770 1118 874 1208 quibus
902 1114 965 1181 dies

51 1230 196 1297 enitalis
218 1232 303 1311 ejus,
327 1228 362 1297 ἀ
383 1248 551 1313 eventura,
572 1232 698 1299 secretis
719 1232 892 1301 Pammenis
912 1253 966 1299 oc-

51 1345 269 1425 ultabantur,
290 1346 380 1411 simul
401 1347 553 1435 repertis,
580 1368 651 1437 quae
678 1347 716 1413 de
746 1363 817 1413 ortu
846 1345 968 1431 vitaque

51 1459 175 1527 )storii
198 1458 339 1551 Scapulae
360 1463 529 1552 composita
551 1481 667 1547 erant,
689 1462 794 1533 scribit
814 1460 854 1528 ad
877 1456 969 1525 Prin·

52 1576 174 1667 ipem,
196 1598 307 1666 magna
328 1602 384 1662 se,
414 1576 457 1657 ds»
478 1605 547 1668 quae
576 1582 779 1653 incolumitati
803 1583 869 1665 ejus
896 1596 969 1644 con-

51 1696 219 1773 lucerent,
241 1694 433 1776 allaturum,
454 1702 485 1764 si
505 1696 627 1765 breuem
649 1698 750 1765 exsilii
769 1700 889 1765 veniam
911 1696 970 1758 im-

51 1811 263 1894 nerravtsset:
286 1813 394 1896 quippe
414 1814 561 1896 Antrjum
581 1811 625 1886 is*
648 1815 811 1879 Ostorium
832 1809 971 1874 immine·

51 1944 88 1992 te
112 1921 223 2005 rebus,
243 1921 288 1999 ist
308 1946 366 1991 sun
387 1931 580 2012 Caesarisque
593 1926 667 2013 fata
696 1928 860 1995 scrutari.
889 1920 973 1991 Exin

52 2038 158 2107 missas
186 2037 369 2124 tibumicae,
399 2032 622 2132 advehiturque
652 2064 784 2135 propere
812 2039 971 2109 Sosianus.

54 2151 113 2225 Ac
134 2154 266 2247 vulgato,
291 2159 357 2238 ejus
384 2157 517 2242 indicio,
548 2158 634 2228 inter
664 2161 821 2227 damnatos
851 2154 974 2245 magis,

57 2293 152 2359 quam
173 2270 257 2339 inter
279 2295 364 2358 teos,
387 2272 523 2357 Anteius
545 2275 751 2365 Ostoriusque
772 2272 973 2367 habebantur:

62 2386 142 2453 adeo
162 2403 196 2455 ut
221 2405 442 2459 testamentum
464 2388 688 2475 Antejinemo
711 2390 896 2483 obsignaret,
918 2384 975 2471 nisi

63 2497 240 2596 Tigellinus
260 2504 363 2573 nudor
383 2508 566 2577 exstitisset.
602 2507 746 2577 Monitus
768 2506 849 2597 ptius
871 2499 974 2571 Ante·

69 2620 116 2699 ius
136 2622 221 2703 (29),
243 2640 281 2685 nt
300 2636 461 2710 supremas
489 2623 610 2693 tabulas
639 2638 836 2693 moraretur.
868 2614 976 2710 Atque

71 2732 143 2814 ille,
165 2731 268 2801 hausto
289 2756 427 2820 veneno,
458 2739 638 2808 tarditatem
666 2743 731 2821 ejus
751 2756 899 2830 perosus,
928 2734 976 2801 in·

74 2848 185 2915 tetcisis
204 2851 307 2931 venis,
328 2868 463 2926 mortem
482 2855 718 2945 adpropetovit.
796 2936 805 2959 ,

131 2962 203 3034 XV.
225 2965 369 3035 Ostorius
391 2970 566 3063 longinquis
586 2974 618 3039 in
638 2973 747 3063 agris,
776 2966 855 3062 apud
882 2964 977 3035 finem

81 3077 237 3171 Ligurum,
265 3082 297 3150 id
329 3088 476 3177 temporis
504 3104 596 3157 erat:
626 3108 665 3153 eo
692 3087 795 3155 misnrs
815 3081 977 3165 centurio,

84 3195 131 3283 qui
148 3197 255 3267 ecdem
274 3203 342 3281 ejus
361 3220 548 3271 maturaret.
571 3204 672 3273 Causa
694 3201 858 3271 festinandi
878 3218 919 3267 ex
940 3218 979 3263 en

86 3310 251 3395 oriebatur,
277 3316 357 3403 quod
380 3316 530 3395 Ostorius,
543 3321 641 3389 multa
660 3320 789 3399 militari
816 3314 915 3399 lama,
944 3311 980 3383 ὅτ
1079 3292 1085 3307 ⁸

91 3427 198 3495 civicam
224 3451 367 3499 coronam
394 3435 475 3524 apud
502 3436 692 3506 Britanniam
720 3434 848 3503 meritus
876 3434 982 3518 (30),

157 3552 357 3613 C.Taec.T.H.
674 3550 695 3615 S
