2475 3967
220 273 262 339 7⁶
407 248 720 323 ANNALIUM
748 247 846 321 LIB.
869 242 948 319 XII.

222 404 420 475 clementiam
442 402 581 471 trahebat
596 400 722 486 Caesar,
744 403 824 493 quod
846 402 974 493 stirpem
1001 397 1189 465 hostilem

221 526 338 589 iterum
353 537 566 587 conservaret.
588 519 697 609 Neque
711 536 814 585 manen
829 518 925 586 exsuli
946 515 1056 607 longa
1077 535 1181 605 post-

221 639 278 707 hac
300 636 365 701 rita
384 632 461 703 fuiti
483 652 586 701 morte
607 631 752 717 fortuita,
773 656 812 701 an
834 656 892 724 per
907 653 1085 699 venenum
1114 655 1177 699 ex-

223 750 346 819 stindus
368 768 467 834 esset,
489 768 525 817 ut
547 752 673 848 quisque
694 750 851 832 credidit,
867 750 1042 841 vulgavere
1065 796 1076 813 .
1122 758 1172 815 De

222 866 449 935 mathematicis
470 868 566 933 Italia
590 868 730 954 pellendis
759 864 871 932 stilum
898 864 1167 931 senatusconsul-

222 1000 309 1065 tum,
336 1000 426 1049 atrox
448 981 484 1054 &
506 981 657 1049 inritum.
702 981 835 1049 Laudeti
862 979 973 1047 dehinc
1004 981 1166 1047 oratione

221 1098 394 1189 Principis,
417 1102 471 1183 qui
495 1096 533 1164 ol
553 1102 712 1186 angustias
728 1097 903 1183 familiares
925 1098 1042 1165 ordine
1064 1120 1163 1164 sena·

222 1218 307 1283 torio
329 1230 433 1301 sponte
454 1214 607 1295 cederent,
630 1215 786 1303 motique,
809 1219 864 1300 qui
886 1212 1083 1281 remanendo
1099 1220 1160 1281 im-

217 1330 399 1421 pudentiam
415 1334 596 1417 paupertati
617 1312 798 1417 adjicerent.
1199 1308 1200 1329 ¹

220 1561 531 1633 senatusconsultum
551 1560 588 1627 ale
604 1576 692 1648 poena
708 1560 920 1648 feminarum,
943 1580 1013 1647 que
1038 1568 1153 1630 seroie

142 1709 146 1719 κ
226 1723 229 1728 -
279 1678 555 1766 conjungerentur.
579 1676 755 1760 Pallantis,
777 1698 866 1763 quem
891 1692 1083 1765 repertorem

352 1794 515 1862 relationis
538 1793 677 1862 edailerat
691 1792 852 1875 Claudius,
869 1796 1019 1881 premia.

280 2015 372 2089 Lm.
395 2021 484 2088 Inter
506 2042 575 2111 quae
597 2015 734 2090 refertur
755 2020 793 2091 ad
814 2036 918 2115 patres
940 2021 974 2091 de
991 2038 1072 2111 pona
1085 2024 1144 2109 ss-

222 2142 399 2219 minarum,
427 2160 494 2223 que
516 2136 916 2226 seruis-conjungerentur:
938 2140 1142 2229 statuiturque

222 2272 259 2319 ut
281 2259 390 2339 ignaro
409 2254 534 2317 domino
555 2251 646 2317 adid
660 2253 826 2341 prolapsa,
848 2259 880 2321 in
903 2260 1069 2323 servitute:
1088 2260 1138 2321 sin

222 2370 443 2448 consensisset,
463 2382 526 2454 pro
548 2364 663 2434 liberta
683 2366 848 2438 haberetur
869 2376 957 2459 (98).
988 2370 1137 2455 Pallanti,

222 2504 317 2573 quem
346 2497 551 2569 repertorem
567 2488 633 2567 ejus
661 2486 821 2552 relationis
849 2486 986 2553 ediderat
1006 2486 1134 2571 Caesar,

178 2660 182 2669 ,
218 2600 377 2687 pretoria
398 2601 561 2688 insignia,
593 2601 637 2675 let
656 2605 769 2669 centies
799 2606 998 2691 quinquagies
1025 2622 1131 2672 sester-

156 2722 159 2727 “
221 2717 303 2779 tium
325 2720 397 2802 (99)
420 2714 539 2783 censuit
559 2715 664 2781 consul
686 2706 858 2808 designatus
883 2718 981 2785 Barea
994 2716 1131 2803 Soranus3

220 2830 358 2910 additum
387 2856 405 2898 a
427 2832 575 2922 Scipione
595 2831 764 2915 Cornelio,
787 2850 896 2921 grates
914 2833 1029 2922 publice
1044 2858 1127 2924 ager·

220 2946 296 3027 aas,
318 2950 399 3031 quod
419 2949 540 3036 regibus
561 2950 833 3031 decutiamus,
863 2954 1058 3018 veterrimam
1078 2974 1126 3019 no-

219 3060 372 3129 bilitatem
394 3062 602 3152 usuipublieo
622 3081 843 3153 postponeret,
870 3088 960 3151 seque
982 3070 1054 3135 inter
1071 3072 1125 3133 mi·

221 3181 341 3244 nistros
363 3179 522 3264 Principis
540 3178 650 3245 haberi
671 3184 802 3247 sineret.
827 3165 1124 3250 AdseveraoitClau

220 3290 314 3373 dius,
344 3308 518 3362 contentum
546 3292 658 3362 bonore
679 3296 869 3379 Pallantem,
899 3302 986 3364 intra
1003 3303 1120 3388 priorem

216 3422 434 3499 paupertatem
456 3408 642 3481 subsistere.
665 3408 707 3479 Et
738 3410 829 3478 fixum
858 3430 904 3479 est
934 3434 996 3483 aere
1016 3414 1119 3505 publico
