2475 3967
249 311 312 366 274
364 385 370 396 Ι
428 275 736 349 ANNALIUM
766 277 982 356 Ltuxvn
1055 277 1073 343 ’.

246 432 366 526 ingenti
386 423 521 519 corporis
542 429 673 512 robore,
693 427 907 520 armorumque
928 430 1074 514 scientia,
1095 434 1159 500 me·'

245 549 311 616 tum
334 546 452 614 Neroni
474 543 608 628 fecerat,
631 569 671 613 ne
684 547 844 613 invaderet
857 546 1002 637 pavidum
1019 570 1155 640 semper,

243 665 277 731 dr
307 679 431 752 reperta
460 657 570 751 nuper'
586 663 800 744 conjuratione
828 662 925 754 magis
955 656 1156 732 exterritum,

240 778 342 871 Igitur
363 778 543 860 Centurio,
577 779 627 843 ubi
655 779 766 869 effugia
796 779 878 844 vissae
905 779 1043 864 clausit,
1079 785 1155 862 iussa·

239 894 439 986 imperatoris
462 886 591 958 Ostorio
612 899 729 984 aperit.
759 893 791 960 Is
810 892 1025 964 fortitudinem
1048 898 1155 967 adver·

238 997 304 1082 suin
326 1005 427 1076 hostes
449 1031 531 1100 saepe
552 1009 718 1099 spedatam
751 1010 783 1075 in
813 1033 845 1076 se
875 1012 988 1078 vertit.
1018 1012 1064 1079 Et
1084 1017 1153 1103 quia

238 1149 345 1208 venae,
368 1147 549 1216 quamquam
571 1127 776 1215 interruptae,
804 1146 913 1216 perum
932 1130 1087 1221 sanguinis
1106 1128 1152 1195 ef-

237 1241 423 1323 fundebant,
447 1241 587 1307 hedenus
599 1263 705 1308 ›manu
726 1242 807 1308 servi
827 1264 916 1326 usus,
935 1261 971 1311 ut
992 1246 1151 1312 immotum

236 1361 404 1450 pugionem
417 1357 621 1440 extolleret,
652 1357 801 1449 adpressit
822 1359 965 1429 dextram
987 1365 1077 1444 ejus,
1105 1365 1152 1444 ju-

206 1473 207 1478 ’
236 1461 371 1566 guioque
391 1477 550 1540 occurrit.
1080 1470 1082 1474 '

243 1611 247 1618 ·
292 1589 388 1659 XVI.
411 1588 515 1656 Etiam
537 1589 562 1658 si
584 1588 662 1657 bella
684 1611 831 1672 externa,
848 1587 887 1655 ·&
909 1589 1006 1655 obitas
1027 1613 1084 1681 pro
1097 1615 1152 1658 re-

232 1707 352 1798 publica
375 1724 491 1773 mortes
513 1724 600 1774 tanta
623 1730 747 1776 casuum
769 1705 966 1774 similitudine
995 1729 1151 1809 memora-

231 1843 314 1890 rem:
339 1845 450 1913 meque
475 1827 573 1915 ipsum
596 1828 687 1891 satias
707 1826 856 1915 cepisset,
878 1823 1070 1915 aliorumque
1090 1843 1148 1892 tae-

144 1935 146 1940 ’
164 1943 172 1974 ⁵
194 1919 213 1948 ⁹
230 1925 315 2005 diurn
338 1941 562 2028 exepediarem',
587 1944 727 2030 quamtis
745 1942 891 2006 honestos
908 1940 1019 2010 civiun
1034 1941 1148 2024 exitus,

230 2041 334 2120 tristes
357 2071 461 2122 tamen
484 2055 528 2122 dr·
541 2058 704 2134 continuos
725 2057 972 2142 aspernantium.
995 2055 1043 2123 At
1066 2081 1147 2124 nunc

228 2172 377 2262 patientia
402 2174 539 2250 servilis,
565 2167 748 2258 tantumque
765 2171 918 2260 sanguinis
939 2173 1021 2249 domi
1043 2175 1146 2262 perdi-

228 2297 315 2368 tum,
336 2277 469 2374 fatigant
486 2279 651 2367 animum,
680 2274 715 2349 δὲ
745 2284 894 2372 moestitia
923 2290 1145 2380 restringunt.

226 2399 337 2488 Neque
359 2398 448 2462 aliam
462 2395 672 2467 defensionem
687 2401 725 2466 ab
745 2402 800 2485 iis,
822 2403 928 2491 quibus
940 2404 997 2466 ista
1012 2403 1147 2472 noscen-

225 2505 496 2603 tur,·'exegerim‚
522 2535 633 2604 quam,
657 2542 697 2584 ne
718 2520 842 2586 oderim·
856 2523 926 2606 (μ)
948 2534 1013 2582 tam
1032 2523 1146 2610 segni·

145 2708 148 2712 ,
224 2645 273 2698 ter
296 2623 486 2720 pereuntes.
515 2629 565 2696 Ira
593 2632 647 2699 illa
677 2638 834 2702 numinum
862 2636 896 2701 in
916 2655 963 2699 res
982 2631 1144 2714 Romanos

220 2744 301 2833 fuit,
322 2755 414 2839 quam
437 2772 518 2832 non,
541 2765 576 2814 ut
597 2749 628 2814 in
642 2752 774 2820 cladibus
787 2751 998 2832 exercituum,
1020 2770 1074 2818 aut
1088 2775 1143 2819 ca-

221 2843 366 2950 ptivitate
390 2867 507 2932 urbium
520 2871 620 2955 (32),
647 2872 747 2935 semel·
763 2867 877 2932 editam
897 2867 1031 2933 transire
1046 2867 1138 2934 licet.

159 2977 162 2982 ’
220 2961 328 3046 Detur
348 2977 407 3054 hoc
422 2983 597 3050 inlustrium
608 2985 746 3051 uirorum
761 2982 962 3070 posteritati,
984 3001 1038 3066 ut,
1059 3007 1138 3072 quo-

100 3119 102 3122 *
184 3153 185 3157 ,
217 3096 320 3162 modo
340 3099 487 3184 exsequiis
515 3121 533 3162 a
561 3100 730 3186 promiscua
759 3098 914 3186 sepultura
935 3116 1137 3188 separantur,

217 3211 282 3292 ita,
305 3214 336 3277 in
359 3211 525 3278 traditione
547 3235 784 3302 supremorum,
812 3214 964 3306 accipiant
988 3217 1136 3287 habeant·

215 3325 277 3416 que
298 3330 454 3420 propriam
476 3329 675 3396 memoriam.
843 3323 847 3337 '
