2475 3967
253 256 315 309 216
441 233 754 307 ANNALIUM
782 234 884 305 LIB.
905 234 1005 306 XV.

350 502 652 573 senatusconsultum
674 505 710 571 de
725 499 813 587 fittts
833 501 1107 589 adoptionibus.

327 736 423 805 XIX.
451 735 672 807 Percrebuerat
700 759 738 804 ea
758 750 951 826 tempestate
990 736 1183 831 pravissime,

250 878 315 923 mos
346 862 439 942 (25),
461 876 531 921 cum
552 853 732 943 propinquis
753 851 903 933 comitiis,
925 868 991 917 auc
1018 870 1123 919 sorte
1133 873 1178 940 pru

251 971 437 1054 vinciamur,
460 968 601 1061 plerique
623 966 769 1035 orbifittis
790 967 1020 1059 adoptionibus
1050 969 1176 1037 adscisco

253 1105 325 1155 rent
347 1085 424 1151 filios
437 1093 522 1175 (ιο),
543 1102 755 1175 praturasque
768 1083 802 1152 ἀ
818 1084 1002 1173 provincias
1028 1084 1125 1153 inter
1142 1107 1174 1172 ps

254 1220 320 1269 tres
341 1202 464 1285 sortiti,
486 1201 592 1267 statim
615 1202 798 1268 emitterent
821 1222 933 1283 manu,
957 1222 1050 1291 quos
1067 1203 1173 1291 adopts·

254 1335 381 1387 verant.
405 1318 528 1411 Magna
541 1339 612 1384 cum
628 1317 738 1384 invidia
747 1332 886 1382 senatum
893 1316 1022 1383 adeunt
1031 1322 1067 1404 (2
1073 1326 1128 1405 7),
1135 1322 1172 1403 ju

256 1452 392 1516 naturae,
406 1433 528 1503 labores
543 1434 689 1500 educandi
701 1482 712 1515 ,
727 1433 875 1501 aduersus
885 1432 1183 1518 frauderrrdysartcsl

254 1549 301 1624 (φ
317 1549 506 1615 brevitatem
534 1550 710 1634 adoptionis
738 1565 947 1614 enumerant:
976 1555 1058 1619 saris
1071 1550 1174 1634 pratri

254 1685 320 1733 esse
340 1662 446 1746 orbis,
466 1664 549 1751 quod
566 1662 665 1731 muita
686 1668 873 1745 securitate,
895 1662 989 1730 nullis
1008 1662 1169 1741 oreribrss,

252 1783 412 1871 gratiam,
434 1778 583 1863 horores,
603 1778 711 1847 cuniis
729 1794 876 1867 prompta
899 1778 945 1855 im
966 1778 1061 1849 obuia
1086 1778 1166 1847 habr-

256 1913 345 1963 reat.
374 1894 442 1964 stit
460 1900 623 1985 promissa
646 1895 741 1984 legum
763 1898 816 1962 diu
838 1895 1022 1983 exspoliata
1046 1901 1079 1963 ia
1100 1898 1164 1962 tutt-

256 2011 358 2077 ortum
380 2014 483 2093 uerti,
505 2012 624 2097 quaudo
647 2016 715 2098 quis
736 2013 800 2079 sine
821 2009 1034 2079 sollicitudine
1050 2030 1159 2103 pareas,

256 2130 325 2193 sine
345 2125 428 2195 iuiiu
451 2127 561 2211 orbus,
590 2129 681 2217 longa
698 2144 830 2217 patrum
851 2142 924 2194 uota
946 2142 1075 2215 reperere
1094 2132 1156 2195 aia-

257 2258 382 2331 quaret.
406 2240 531 2307 Fadum
555 2262 594 2307 ex
616 2266 655 2307 eo
682 2242 993 2324 senatusconsultum,
1026 2266 1062 2311 ne
1081 2250 1153 2311 sinu-

257 2358 325 2423 lara
354 2356 477 2440 adoptio
503 2358 537 2419 in
561 2354 625 2419 ulla
650 2370 742 2441 parte
772 2362 910 2425 muneris
934 2360 1056 2445 publici
1075 2368 1154 2449 juu-

257 2487 324 2549 ret,
345 2489 381 2533 ac
401 2485 438 2533 ue
459 2467 638 2556 usurpandis
652 2470 771 2557 quidem
791 2472 1029 2541 hereditatibus
1047 2479 1150 2566 preos-

257 2601 304 2650 set
325 2590 413 2673 (rs).

316 2698 394 2769 XX.
418 2699 500 2769 Exin
522 2698 669 2773 Claudius
691 2701 884 2792 Timarchus,
909 2708 1074 2796 oretanis,
1094 2731 1153 2780 reus

255 2818 378 2908 agitur,
400 2819 511 2887 ceteris
531 2821 723 2907 criminibus,
745 2840 779 2891 ut
803 2826 905 2892 solent
927 2830 1075 2918 praeralidi
1083 2850 1150 2915 pro-

254 2932 456 3019 uincialium,
486 2934 521 3006 &
550 2939 657 3029 opibus
687 2940 786 3005 nimiis
815 2941 852 3007 ad
874 2942 996 3025 injurias
1014 2945 1146 3010 uiuorum

255 3048 347 3148 cinti:
372 3073 432 3115 una
454 3076 512 3119 vox
542 3059 607 3137 ejus
628 3078 722 3145 usque
743 3056 781 3123 ad
804 3051 1017 3127 contumeliam
1042 3078 1148 3127 senatus

254 3184 492 3251 penetraverat,
517 3170 598 3256 quod
621 3170 804 3255 diiiitasset,
826 3178 859 3239 iu
880 3196 939 3241 sua
949 3192 1089 3265 potestate
1110 3180 1146 3243 si·

254 3296 348 3361 tum,
370 3304 411 3348 an
430 3265 692 3381 procousub‘bus,
721 3292 774 3373 qui
794 3296 920 3356 Cretam
945 3290 1141 3373 obtinuissent,

249 3409 356 3483 gram
383 3412 548 3484 agerentur
578 3402 688 3492 (29)·
718 3401 820 3493 Quam
849 3407 1026 3473 occasionem
1052 3404 1142 3474 Parus
