2475 3967
253 246 863 329 Auuenccemucrrun.
917 254 921 263 ¹
985 272 1020 329 ιο
1124 342 1127 347 ¹

5 458 10 471 .
104 404 178 471 bulo
196 400 362 484 adventat,
391 398 567 469 inferiorem
589 398 790 469 Germaniam
811 399 1022 483 incursavere,
1093 468 1097 473 ,
1174 403 1176 412 '

5 586 7 599 ,
104 520 184 587 duee
203 517 382 585 Gannasco:
404 516 457 607 qui
477 518 603 584 natione
624 512 830 598 Canninefas„
851 515 1023 597 auxiliaris,

6 693 7 702 ,
101 632 139 701 ἃ
154 636 207 703 diu
222 632 351 700 meritus
369 640 459 723 (47),
480 650 551 723 post
564 629 738 725 transfuga,
760 631 874 703 levibus
894 630 1023 723 navigiis

101 749 342 841 praedabundus,
378 749 543 817 Gallomm
578 726 710 817 maixime
741 772 825 816 oram
857 750 1022 829 vastabat,

102 889 166 932 non
197 867 320 957 ignarus
346 867 425 934 dites
454 864 490 933 δε
510 867 649 933 imbelles
679 886 767 932 eme.
810 860 859 937 At
879 862 1021 933 commo

101 981 289 1071 provinciam
317 982 496 1075 ingressus,
531 1005 642 1073 magna
664 1004 736 1051 cum
757 1002 856 1063 cura,
889 978 925 1047 bt
947 1000 1021 1047 mox

101 1098 219 1189 gloria,
240 1098 290 1163 cui
311 1097 493 1188 principium
515 1099 568 1166 illa
594 1098 705 1167 militia
718 1093 795 1180 fuit,
819 1098 960 1166 triremes
973 1095 1021 1172 al«,-

101 1234 160 1281 veo
181 1211 303 1295 Rheni,
339 1232 459 1281 ceteras
482 1192 627 1297 navium,
664 1232 699 1281 ut
721 1235 851 1305 quaeque
880 1211 1019 1295 habiles,

99 1348 158 1421 per
179 1330 318 1394 aestuaria
343 1328 377 1396 ἀ
398 1327 489 1397 fossos
509 1332 640 1424 adegit:
664 1331 865 1421 lintribusque
887 1328 1019 1397 hostium

99 1443 266 1533 depressis,
287 1443 507 1513 &exturbato
519 1448 702 1530 Gannasco,
724 1446 775 1515 ubi
796 1444 1025 1537 praesentiasa-.

98 1563 140 1627 tis
159 1562 327 1651 composita
347 1582 436 1647 sunt,
459 1564 597 1657 legiones
617 1587 747 1656 operum
762 1561 913 1629 &laboris
928 1561 1017 1652 igna-

97 1700 169 1759 vas,
206 1677 447 1765 populationibus
468 1680 633 1759 laetantes,
669 1696 810 1745 veterem
838 1678 876 1743 ad
899 1696 1019 1744 monens

98 1792 240 1858 reduxit:
271 1813 311 1855 ne
332 1790 400 1877 quis
419 1793 542 1881 agmine
561 1791 761 1868 decederet‚.
781 1810 839 1857 nec
860 1800 995 1876 pugnarn
1006 1832 1019 1867 ‚

99 1904 157 1972 nisi
181 1906 294 1984 jussus,
324 1902 418 1968 iniret
434 1927 451 1970 z·
471 1903 638 1986 stationes,
668 1904 802 1994 vigiliae,
832 1901 940 1971 diurna
961 1924 1020 1969 no-

96 2021 264 2108 &urnaque
283 2018 384 2084 munia
391 2068 402 2099 ,
431 2020 463 2083 in
485 2021 576 2085 armis
595 2020 805 2112 agitabantur.
835 2018 1018 2108 Feruntque

95 2136 243 2214 militem,
265 2137 338 2220 quia
359 2134 476 2201 orbum
497 2158 559 2201 non
579 2134 747 2215 acciabus,
780 2152 871 2219 arque
893 2134 1016 2217 alium,

95 2256 170 2339 quia
187 2253 319 2338 pugione
340 2266 461 2316 rantum
482 2248 634 2318 rccinllur
650 2251 790 2338 foderet,
806 2266 912 2319 ‘morte
922 2256 1016 2339 puni-

95 2386 164 2435 tos.
185 2364 267 2455 Qae
288 2365 401 2447 nimia,
422 2364 624 2433 &incertum
645 2390 685 2434 an
705 2364 780 2433 salso
801 2364 896 2447 jaba,
918 2366 1016 2461 origi-

95 2504 170 2548 nem
197 2496 301 2547 tameu
329 2482 537 2548 eseveritate
566 2482 652 2549 ducis
682 2498 805 2551 traxere
835 2486 928 2569 (ellr
965 2483 1015 2547 in-

15 2573 20 2584 Χ
95 2614 280 2685 tentumque
313 2576 488 2688 &magnis
516 2597 634 2664 deliciis
663 2596 878 2665 inexorabilem
907 2596 1013 2679 scias,

95 2712 148 2779 cui
170 2728 292 2778 tantum
319 2712 491 2801 asperitatis
519 2713 614 2781 etiam
634 2714 776 2783 adversus
797 2712 876 2780 levia
905 2714 1013 2781 crede·

95 2830 202 2895 batur.

153 2938 246 3009 XlX.
267 2942 420 3013 Ceterum
440 2944 583 3013 isterror
602 2944 716 3011 milites
735 2944 898 3035 hostesque
918 2944 952 3011 in
964 2946 1013 3015 di-

95 3078 215 3125 versum
233 3056 365 3128 adfecit:
395 3084 449 3128 nos
471 3064 619 3130 virtutem
642 3062 797 3145 auximus,
826 3062 941 3131 barbari
963 3061 1012 3131 fe-

94 3174 207 3241 rociam
228 3175 396 3272 infregere.
436 3178 480 3247 Et
500 3179 584 3247 natio
604 3178 791 3262 Frisiorum,
816 3197 888 3270 ¹post
910 3179 1012 3247 rebel*

90 3290 228 3372 lionem,
260 3293 346 3363 clade
369 3294 410 3365 L.
424 3290 557 3387 Apronii
572 3306 650 3385 (49)
673 3312 830 3387 creptam,
865 3292 1011 3381 infensa,

92 3424 146 3476 aut
167 3406 249 3482 male
269 3407 345 3496 fida,
365 3410 445 3481 datis
464 3412 634 3500 obsidibus,
656 3413 795 3481 eomedit
817 3412 896 3501 a'pud
918 3434 1010 3507 agros

653 3530 719 3597 Ba
