2475 3967
275 204 313 261 ot
454 188 767 271 ANNALIUM
799 206 897 283 LIB.
922 215 1002 286 XII.

264 337 300 409 ἀ
324 339 414 404 sacris
433 348 505 429 (80)
533 346 703 435 antiquitus
732 376 916 443 concessus,
954 374 1200 449 venerationes

258 453 391 543 augebat
414 450 567 539 feminae,
603 484 692 551 quom
723 468 911 559 imperatore
933 484 1090 571 genitam
1118 502 1200 583 (ει),

257 590 398 635 sororem
420 575 504 654 ejus,
526 575 579 664 qui
601 598 705 648 rerum
731 587 847 673 potitus
869 591 928 675 sit,
950 596 985 665 dt
1008 610 1200 701 conjugem,

256 680 292 748 dc
305 700 438 757 matrem
461 684 569 773 fuisse,
600 694 731 765 unicum
746 700 783 766 ad
806 703 886 775 hunc
899 709 980 779 diem
1005 728 1194 815 exemplum

255 812 303 863 est
325 805 419 887 (ει).
464 801 553 873 Inter
575 828 645 897 qum
674 816 845 908 precipuus
874 846 1105 921 propugnator
1138 850 1191 926 ejus

255 912 430 1000 Vitellius,
455 920 634 1003 validissima
658 933 776 1019 gratia,
799 952 895 1005 estate
916 961 1070 1019 extrema
1097 961 1188 1043 (adeo

253 1027 386 1096 inoertae
408 1052 481 1101 sunt
503 1041 677 1125 potentium
700 1056 771 1134 res)
793 1059 984 1130 accusatione
999 1070 1185 1162 corripitur,

146 1199 150 1209 ,
252 1138 416 1217 deferente
443 1145 533 1233 Junio
555 1152 648 1246 Lupo
667 1180 833 1235 senatore.
877 1168 908 1237 ls
929 1176 1067 1249 crimina
1092 1198 1181 1273 maje-

251 1260 357 1342 statis,
377 1260 414 1331 ἀ
434 1267 609 1356 cupidinem
632 1275 751 1367 imperii
772 1284 952 1364 objectabat.
974 1290 1179 1375 Praebuisset.

248 1393 310 1463 quo
339 1398 427 1449 aures
455 1378 591 1467 Caesar,
636 1389 691 1458 nisi
714 1389 900 1488 Agrippinae
925 1409 1020 1477 minis
1051 1427 1176 1516 magis,

248 1507 339 1575 quarn
362 1494 520 1581 precibus,
550 1518 686 1573 mutatus
708 1529 806 1595 esset,
844 1535 878 1583 ut
899 1535 1076 1600 accusatori
1100 1562 1174 1629 aqna

246 1617 340 1694 atque
354 1606 428 1701 igne
444 1611 661 1693 interdiceret:
692 1621 832 1701 hactenus
847 1633 995 1709 Vitellius
1012 1649 1170 1727 voluerat.

221 1874 225 1881 ·
329 1900 333 1909 .
386 1848 491 1922 Roma
509 1852 651 1943 prodigia
673 1856 716 1934 du
729 1883 857 1935 annone
880 1870 1017 1947 caritas.

295 2063 420 2139 XLIII.
443 2071 552 2141 Multa
572 2100 611 2144 eo
626 2104 707 2150 anno
728 2093 867 2188 prodigia
887 2126 1030 2175 evenere.

238 2200 304 2245 snm
326 2183 400 2248 diris
419 2187 524 2253 aribus
544 2190 750 2281 Capitolium:
772 2212 884 2281 crebris
908 2236 1002 2291 terrae
1025 2235 1157 2303 motibus

235 2311 374 2380 prorutae
397 2296 526 2367 domus:
547 2328 585 2373 ac
606 2309 792 2389 duur,latius
811 2334 985 2422 metuitur,
1017 2351 1155 2438 trepidu-

235 2405 322 2474 tione
345 2409 450 2500 vulgi,
472 2413 620 2490 inualidus
634 2433 759 2523 quisque
776 2442 899 2515 obtriti.
922 2452 1060 2549 Frugum
1074 2488 1151 2555 quo-

232 2540 294 2607 que
315 2541 459 2613 egestas,
480 2531 595 2612 &orta
617 2566 656 2612 ex
670 2570 706 2613 eo
728 2548 842 2643 fomes,
863 2564 1083 2667 inprodigium
1096 2607 1149 2655 nc-¹

229 2635 417 2725 cipiebatur.
453 2645 522 2719 Nec
545 2660 659 2731 occulti
682 2681 802 2746 tantum
825 2698 968 2773 questus;
992 2694 1058 2761 ,sed
1077 2701 1147 2779 juro

226 2751 410 2827 reddentem
430 2758 596 2843 Claudium
623 2772 845 2867 ,circumvasere
874 2797 1056 2875 clamoribus
1076 2830 1143 2881 tur-

225 2865 319 2950 bidis,
343 2856 523 2971 pulsumque
544 2887 762 2971 incurrentem
784 2901 843 2978 lori
856 2923 978 3001 portem
1002 2925 1033 2989 vi
1049 2948 1141 3020 urge.-

224 2979 314 3064 bant,
336 2988 435 3058 donec
446 2999 584 3087 militum
602 3011 696 3100 globo
710 3014 842 3094 infensos
854 3036 1015 3124 perrupit.
1036 3041 1139 3132 Quin-

220 3097 320 3167 decim
341 3100 460 3173 dierum
480 3114 626 3218 alimenta
649 3124 759 3221 Urbi,
780 3162 842 3211 non
863 3149 1009 3237 amplius,
1032 3176 1135 3248 super-

217 3208 309 3283 fuisse
329 3222 496 3294 constititz
527 3254 700 3329 magnaque
728 3250 823 3319 decim
853 3260 1069 3355 benignitate,
1095 3277 1132 3349 de

215 3329 363 3404 modestia
384 3336 571 3437 hiemis(o3)
591 3353 681 3443 rebus
694 3371 840 3441 extremis
862 3378 1059 3459 subventum.
1079 3388 1134 3466 Ae
1199 3412 1200 3419 ’

1052 2109 1164 2188 Ιηεοε,
