2475 3967
203 202 880 323 Au.u.c.ucccrlv.mu.crru.r2.
942 252 1002 304 209

101 372 156 444 tio:
174 398 231 469 qua
253 397 361 448 tamen
383 379 515 474 retineri
535 396 660 462 castra,
693 376 728 446 bc
760 377 843 444 eludi
875 373 1009 444 Parthus

24 522 25 547 ÷
103 491 188 558 naeu
210 494 282 561 belli
304 485 454 585 poterat,
484 493 622 562 siPaeto
643 510 699 562 aut
721 495 753 560 in
774 493 857 574 suis,
888 508 942 558 aut
971 494 1009 558 ir'r

100 607 198 674 alienis
217 611 347 707 consiliis
369 612 544 680 constantia
565 609 688 679 fuisset.
711 605 834 680 Verum
858 609 908 674 ubi
929 611 1010 674 ari-

96 725 137 788 ris
157 724 330 794 militaribus
352 729 498 795 adversus
518 744 665 818 urgentes
680 745 764 794 casus
777 723 1010 807 firmatuserat,

97 861 214 924 rursus,
235 865 273 908 ne
294 845 405 910 alienas
424 845 591 913 sententiar
613 843 755 935 indigens
778 839 956 923 videretur,
978 841 1012 908 in

97 956 211 1022 diversa
232 981 267 1024 ac
287 959 441 1028 deteriora
462 961 626 1028 transibat.
666 957 711 1026 Et
734 975 808 1024 tunc
830 937 942 1022 reliblis
964 956 1013 1022 hi·

98 1070 212 1158 bernis,
233 1095 295 1158 nun,
307 1076 448 1162 lissam,
469 1099 560 1162 neque
582 1077 701 1146 vallum
723 1073 802 1156 sibi,
830 1073 884 1138 sed
903 1088 1012 1160 corpo-

96 1210 132 1254 ra
153 1185 196 1262 lyr
217 1211 307 1267 arma
329 1193 363 1282 in
383 1190 503 1256 bostem
533 1191 606 1256 dara
634 1191 818 1271 clamitans,
848 1166 935 1256 duxit
965 1189 1013 1256 le·

24 1382 26 1399 ,
94 1302 231 1392 giones,
252 1289 350 1389 'quasi
379 1302 493 1390 proelio
520 1321 711 1372 certaturus:
739 1304 879 1386 deinde,
907 1304 1015 1371 amisso

94 1416 277 1484 centurione
297 1415 332 1484 <it
346 1419 451 1506 paucis
464 1419 627 1505 militibus,
649 1443 723 1512 quos
737 1421 866 1488 risendis
882 1418 1015 1488 hostium

27 1577 32 1586 ·
95 1530 191 1621 copiis
210 1534 421 1621 premiserat,
443 1535 582 1625 trepidus
602 1537 771 1606 remeavit.
797 1535 841 1604 Et
864 1537 935 1626 quia
957 1535 1016 1602 mi·

24 1686 25 1699 1
97 1669 151 1713 nus
173 1648 288 1714 acriter
310 1650 485 1740 Vologeses
507 1653 685 1734 institerat,
700 1673 792 1716 ¹vana
815 1674 917 1718 rursus
941 1649 1017 1740 lidu-

96 1763 161 1846 sia,
182 1763 247 1830 tria
268 1764 365 1828 millia
386 1762 496 1828 delebii
518 1764 640 1852 peditus
662 1761 805 1850 proximo
820 1759 920 1831 Tauri
945 1765 1018 1852 jugi>

96 1877 264 1971 imposuit,
292 1899 355 1966 quo
383 1866 544 1942 transitum
567 1877 651 1969 regis
673 1890 816 1946 arcerent
846 1883 934 1969 cul:
957 1877 1020 1942 ala-

97 2016 144 2061 res
171 2015 300 2084 quoque
323 1991 515 2075 Pannonios,
543 1989 635 2074 robur
666 1990 845 2082 equitatus,
877 1994 910 2060 in
931 2009 1021 2084 parte

95 2111 198 2201 campi
217 2109 321 2180 locat.
344 2105 491 2188 Coniunx
511 2131 549 2174 ac
566 2105 649 2190 ¹lilius
671 2107 821 2193 castello,
851 2109 1020 2177 cui-Arsa-

47 2209 51 2217 *
96 2241 215 2295 mosara
235 2231 307 2314 (η)
337 2246 454 2316 ηοιηιτηι
473 2224 678 2308 οεῐ,,,εὼάῐτί,
699 2225 769 2304 data
792 2225 823 2306 in
846 2225 1021 2316 presidium

97 2343 229 2410 cohorte
235 2390 248 2424 ,
277 2363 314 2410 ac
341 2341 476 2431 disperso
504 2341 624 2425 milite,
648 2341 709 2433 ¹qui·
734 2340 766 2410 in
795 2363 857 2410 uno
885 2341 1020 2424 habitus,

98 2479 213 2551 uagum
229 2456 360 2546 hostem
381 2459 560 2546 promptius
586 2461 843 2528 sustentavisset:
870 2455 906 2526 ἀ
935 2479 1021 2550 aegre

98 2559 291 2662 compulsum
313 2569 437 2650 lerunt,
458 2588 494 2636 ut
515 2574 683 2644 instantem
705 2574 875 2644 Corbuloni
905 2571 1021 2654 fatere·

100 2708 158 2755 tur
180 2692 284 2772 (13):
308 2706 369 2752 nec
389 2680 595 2755 aCorbulone
617 2706 844 2778 properatum,
859 2710 939 2776 quo,
962 2685 1021 2777 gli-

100 2799 260 2882 =scentibus
282 2800 441 2890 periculis,
470 2801 716 2884 etiamsnbsidii
744 2803 807 2870 laus
836 2818 1022 2894 augeretur.

102 2917 252 3009 Expediri
273 2934 378 2984 tamen
398 2916 505 2984 itineri
533 2917 653 3008 singula
674 2919 837 3003 milliaert
859 2919 954 2989 tribus
976 2919 1022 2986 le·

70 3083 74 3092 .
103 3034 269 3126 giuoibus,
290 3033 326 3102 bt
346 3031 456 3100 alarios
476 3031 694 3126 obtingentos,
723 3055 829 3125 parem
858 3053 1022 3128 numerum

105 3171 126 3216 e
149 3149 321 3218 cohortibus
342 3149 446 3232 jussit.
529 3211 533 3220 ,
894 3225 896 3232 y

157 3260 229 3330 xl.
245 3259 300 3330 At
321 3266 515 3363 Vologeses,
538 3267 675 3356 quamvis
694 3265 818 3353 obsessa
838 3266 1025 3356 aPaetpiti·

109 3401 189 3452 ntra
219 3375 289 3445 binc
315 3382 476 3466 peditatu,
505 3385 575 3452 inde
603 3387 703 3471 equite
731 3381 898 3470 accepisset
910 3425 921 3465 ‚
951 3375 1026 3446 nihil

186 3500 343 3561 C.Tac.T.
352 3502 397 3562 11.
701 3497 734 3561 Ο
