2475 3967
202 266 879 364 Au.tt.eocccxv.AER.cflu.⁶2.
947 315 1011 375 ιι,
1121 355 1131 364 .

105 432 234 510 Thrasea
254 441 293 509 ad
315 443 428 509 bonum
450 441 602 530 publicum
624 457 765 523 vertens,
788 458 950 531 postquam
971 441 1012 508 de

25 578 26 585 ¹
78 579 153 624 teo
171 574 350 640 censuerat,
375 560 541 646 provincia
562 565 655 626 Creta
677 557 882 646 depellendum
904 605 916 640 ,
945 555 1012 623 haee

25 750 26 753 Ἴ
98 671 232 739 addidit:
254 681 317 740 Usu
336 673 503 761 probatum
524 690 572 741 est
587 721 598 756 ,
616 689 724 762 patres
745 673 938 760 conscripti,
965 673 1011 738 le-

94 809 148 876 ges
169 793 325 876 egregias,
346 787 484 877 exempla
506 786 648 871 honesta,
676 789 760 876 apud
778 786 870 856 bonos
903 809 939 855 eu
959 789 1011 856 de·

97 904 183 971 tenes
203 905 336 971 aliorum
353 908 453 992 gigni.
475 908 700 974 siceratorum
715 903 858 983 licentia,¹
874 907 1012 971 Cinciam

97 1023 307 1106 rogationem3
335 1021 567 1089 candidatorum
595 1020 756 1101 ambitus,
777 1019 886 1108 Julius
908 1019 1015 1106 leges5

95 1139 335 1222 magistratuum
342 1139 502 1216 avaritia,
515 1135 682 1222 Calpurnia
689 1139 785 1214 scita,
804 1150 1011 1222 pepererunt.

93 1250 184 1314 Nam
209 1249 316 1335 culpa,
338 1267 430 1332 quam
449 1264 553 1335 pena,
574 1265 705 1337 tempore
727 1254 844 1337 prior.-
873 1251 1012 1316 emenda·

91 1368 144 1468 ri',
167 1383 264 1447 quam
280 1376 416 1448 peccare,
434 1367 588 1450 posterius
602 1382 665 1432 est.
686 1371 770 1453 Ergo
790 1367 938 1431 adversus
957 1385 1013 1429 no·

93 1499 171 1543 uam
189 1475 429 1562 prouincialium
449 1477 627 1567 superbiam
648 1481 770 1570 dignum
786 1476 850 1562 fide
871 1495 1016 1547 constans

91 1597 201 1678 tiapue
222 1596 359 1661 Romana
376 1598 536 1682 capiamus
555 1597 736 1678 consitium,
759 1617 820 1680 quo
834 1593 936 1663 tutele
959 1597 1017 1661 so-'

93 1711 214 1774 ciorum
238 1706 318 1774 nibil
336 1707 521 1794 derogetur,
543 1710 629 1774 nobis
649 1714 763 1795 opinio„
775 1709 909 1788 decedat,
934 1730 1011 1791 qua-

93 1824 133 1890 lis
155 1829 290 1910 quisque
309 1819 461 1888 habeatur
483 1868 493 1901 ,
529 1819 605 1886 aiibi
628 1841 719 1905 quum
741 1821 775 1883 in
796 1821 910 1884 civium
927 1819 1013 1902 judi-

83 1942 244 2029 civem.

150 2051 248 2122 XXI.
269 2053 353 2120 oiim
376 2053 495 2140 quidem
510 2071 572 2121 non
592 2053 683 2120 modo
702 2069 844 2143 prator,
865 2070 920 2121 aut
942 2073 1013 2122 cau-

95 2173 159 2252 sui,
180 2173 240 2238 sed
255 2172 382 2258 privati
403 2174 497 2236 etiam
519 2166 741 2250 mittebantur,
766 2173 820 2256 qui
832 2174 1013 2258 provincias

95 2289 255 2368 viserent,
276 2284 320 2360 dm
340 2285 469 2371 quidde
489 2289 633 2372 cujusque
662 2283 805 2372 obsequio
835 2283 1018 2366 videretur,

95 2390 273 2488 referrent:
306 2400 560 2488 trepidabantque
585 2411 691 2489 gentes
720 2402 755 2468 de
787 2403 1013 2469 existimatione

94 2515 315 2602 singulorum,
338 2519 382 2581 At
404 2537 481 2583 nunc
502 2517 631 2583 colimus
652 2534 811 2598 externos,
840 2519 883 2594 dn
904 2517 1012 2585 adula-

95 2650 193 2712 mur;
220 2629 264 2705 do·
292 2631 440 2715 quomodo
466 2631 635 2697 adnutum
654 2633 784 2716 alicuius
809 2650 937 2718 grates,
966 2635 1013 2696 ita

95 2746 276 2831 promptius
297 2746 448 2810 accusatio
468 2745 667 2814 decernitur:
695 2747 949 2830 densaturque,
970 2743 1013 2819 dm

96 2875 220 2943 maneat
240 2845 503 2961 provintialibus,
528 2864 701 2951 potentiam
723 2881 811 2927 suam
840 2860 899 2927 tali
926 2859 1013 2928 modo

96 2976 270 3043 ostentandi
294 2981 379 3062 (3o):
401 2977 458 3042 sed
479 2972 544 3042 taus
556 2975 646 3062 salsa
667 2972 710 3051 dit
727 2974 873 3064 precibus
888 2993 1012 3064 expres-

97 3109 153 3168 sa,
169 3090 297 3177 perinde
317 3088 527 3172 cohibeantur,
550 3113 644 3180 quam
664 3093 806 3174 malitia,
829 3113 921 3180 quam
942 3109 1013 3155 cru-

96 3201 223 3278 delitas.
251 3205 350 3271 Plura
378 3220 461 3293 saepe
486 3221 680 3294 peccantur,
707 3207 778 3275 dum
806 3209 1013 3286 demeremur,

98 3316 285 3406 quemdum
306 3320 501 3403 offendimus.
516 3321 666 3407 Quaedam
688 3326 779 3389 immo
792 3325 923 3388 virtutes
945 3321 1013 3387 odio

98 3451 190 3516 sunt,
212 3434 358 3500 severitus
378 3434 560 3519 obstinata,
592 3437 727 3504 invidus
749 3437 911 3508 adversum,
936 3453 1013 3520 gra-
