2475 3967
239 275 277 332 η
431 249 739 326 ANNALIUM
768 252 865 325 LIB.
890 252 950 323 XL

233 412 378 492 adultus,
400 410 434 472 in
455 428 581 494 regnum
599 412 734 474 venisset
749 457 760 489 ,
773 422 859 494 posse
881 405 1052 485 estimesti,
1075 405 1174 493 inffe-

233 530 315 597 aaa
334 524 495 604 alimonio,
516 526 669 606 servitio,
698 524 800 605 cultu,
830 521 969 593 amnibus
990 528 1167 589 uternis.

233 650 298 724 At,
331 645 360 706 si
378 656 513 729 paterna
535 638 646 706 Italico
672 660 756 705 mens
776 656 878 721 essee,
904 660 964 705 non
986 636 1083 703 aliana
1107 642 1166 705 in-

226 760 349 849 fensius
363 778 456 823 asnaa
477 770 588 828 cantra
598 759 743 843 patriam
763 776 801 823 ae
813 753 885 824 daos
893 770 1019 844 penates
1029 800 1042 835 ,
1062 774 1166 839 quam

229 878 441 966 parentem}
411 896 498 952 ens,
519 876 705 941 marcuisse.

248 985 406 1060 XVII.
428 986 493 1055 His
512 1004 605 1076 atque
627 986 756 1071 talibus,
777 1009 901 1079 magnas
918 984 1019 1075 copias
1036 1006 1163 1079 coege-

234 1128 286 1173 re:
311 1128 368 1171 nec
390 1105 547 1194 pauciores
567 1099 711 1171 Italicum
734 1104 952 1195 sequebantur.
975 1105 1053 1169 Non
1072 1109 1162 1169 enim

234 1226 394 1310 inrupisse
428 1222 471 1287 ad
502 1223 638 1303 invitos,
672 1222 727 1287 sed
759 1225 888 1288 ascitum
924 1220 1160 1285 memorabant·

234 1338 356 1425 quando
376 1337 536 1404 nobilitate
566 1353 684 1404 eeteros
704 1321 857 1418 anteiret,
891 1339 1045 1402 vietusent
1064 1352 1161 1423 espe—
1226 1322 1227 1333 ¹

235 1460 402 1533 sinentur,
422 1474 462 1519 an
475 1448 605 1540 iignum
628 1472 660 1517 se
678 1466 794 1555 patruo
815 1454 982 1531 Arminio,
1013 1473 1074 1518 avo
1095 1458 1159 1517 Ca-

234 1586 376 1650 tenaero,
398 1567 568 1655 praessa.
596 1568 668 1633 Nee
686 1582 813 1653 patrant
834 1566 942 1633 nabori
963 1573 1054 1656 (4⁶),
1075 1566 1162 1652 quod

229 1680 325 1767 fidene
361 1683 512 1752 adversus
545 1688 724 1765 Romanos,
762 1681 933 1751 uolentibus
961 1685 1158 1766 Germanis,

232 1816 411 1887 sumptam,
433 1821 599 1886 numquam
619 1802 791 1867 omisisset:
814 1799 899 1887 salso
921 1798 1076 1866 libertatis
1098 1822 1159 1867 vo·

233 1915 375 1981 sabaium
396 1916 515 1982 obtendi
543 1912 630 1980 ab'“
605 1940 673 1995 sss,
710 1921 764 2001 qui
782 1919 941 2001 privatim
968 1915 1158 2003 degeneres,

233 2032 269 2093 in
287 2028 445 2114 publicant
463 2032 603 2108 exitiosi,
626 2028 707 2095 nibil
722 2035 804 2115 spei,
828 2033 889 2095 nisi
905 2045 965 2116 per
980 2030 1157 2097 discordias

235 2140 383 2209 babeant.
406 2135 615 2231 Adstrepebat
636 2141 708 2209 huic
728 2145 829 2211 alacre
852 2144 978 2236 vulgus,
999 2144 1158 2237 &magna

235 2258 320 2323 inter
340 2256 479 2323 barbaros
501 2257 616 2345 proelio
638 2256 733 2323 vidior
754 2280 829 2348 rex;
849 2260 919 2327 deiu
940 2262 1069 2329 secunda
1088 2258 1156 2327 for-

207 2396 209 2400 ’
234 2390 311 2461 tuna
331 2373 370 2439 ad
392 2371 562 2461 superbiam
582 2372 759 2465 prolapsus,
782 2376 967 2467 pulsusque,
994 2400 1029 2445 ac
1053 2368 1155 2451 rursus

235 2482 507 2579 Langobardorum
528 2490 633 2580 opibus
657 2487 802 2574 resculas,
823 2492 994 2583 perlaeta,
1022 2516 1079 2584 pes
1099 2494 1172 2564 ad·

235 2624 342 2685 versa,
366 2625 415 2671 res
440 2602 609 2673 Cheruscas
631 2607 822 2677 adflidabat.

255 2774 391 2845 Corbulo
412 2778 547 2846 Chaucos
569 2781 735 2870 reprimit:
757 2783 821 2849 alia
841 2804 891 2849 mo
892 2782 1029 2865 litatus,
1050 2805 1132 2853 caso

349 2900 529 2977 Gannasco,
553 2900 588 2963 ni
609 2895 770 2981 Claudius,
792 2899 1038 2967 daatsvaaassaaa

418 3013 558 3097 veritus,
587 3031 700 3082 novam
724 3017 757 3079 in
778 3020 966 3109 Germanias

541 3134 609 3197 ὐἱηι
628 3124 856 3218 prohibuisset.
942 3152 944 3156 ’
971 3138 974 3145 “

289 3294 421 3375 XVIII.
443 3298 611 3378 Paridem
637 3317 756 3393 tempus
769 3302 906 3390 Chauci,
929 3304 1014 3373 nulla
1036 3304 1153 3374 dissen-

230 3411 315 3481 sione
337 3414 440 3505 domi,
462 3415 614 3488 &morte
638 3416 796 3509 Sanquinii
821 3418 955 3509 alacres,
978 3426 1053 3493 dnm
1069 3419 1151 3491 Cor-
