2475 3967
259 312 316 369 rot
442 272 876 355 ANNALIUM'LIB.
899 268 1005 341 XIV.
1084 276 1091 289 '

255 445 395 522 damnis,
416 438 460 503 ita
483 442 540 527 per
560 430 696 521 inopiam
709 424 744 497 δε
757 424 874 491 labores
887 416 1121 503 fatiscebant,
1146 442 1188 488 cai

256 588 295 633 ne
315 556 467 650 pecudum
487 557 560 641 (48)
581 546 767 641 propulsare
772 538 885 612 famem
899 536 1025 605 adacti.
1056 532 1126 603 Ad
1144 536 1188 601 bn

255 675 381 772 penuria
403 690 508 761 aquae,
544 662 663 733 fervida
692 678 806 740 aestus,
836 656 1013 749 longinqua
1054 654 1188 733 itinera,

255 794 320 861 sola
349 788 435 860 ducit
467 783 615 876 patientia
646 776 890 871 mitigabantur,
918 772 1046 838 eodem
1086 770 1188 859 plura,

256 928 348 1001 quam
370 903 515 997 gregario
537 900 657 978 milite,
687 894 869 961 tolerante.
898 888 1061 957 Ventum
1089 884 1185 951 debiur

257 1028 290 1092 in
313 1026 396 1090 locus
416 1020 532 1087 cultos.
554 1015 761 1101 demestaeque
783 1020 922 1099 segetes,
945 1000 982 1071 ὃ(
1008 1026 1059 1069 ex
1085 1002 1182 1067 duobus

258 1135 464 1218 castellis,
455 1158 486 1201 m
515 1154 584 1223 quae
614 1123 817 1221 confugerant
846 1118 1027 1203 Armenii,
1063 1120 1178 1185 aitemn

259 1260 379 1346 impetu
399 1268 541 1341 captum;
562 1247 615 1337 qni
637 1245 767 1337 primam
792 1240 853 1307 viru
876 1236 1100 1328 depulerant,
1118 1235 1179 1302 obri·

259 1374 352 1442 dione
373 1384 544 1461 coguntur.
574 1359 712 1433 Unde
702 1385 733 1426 ru
756 1357 915 1451 regionem
939 1351 1188 1421 Tauraunitium

247 1504 486 1587 transgressus,
508 1479 706 1567 improvisum
728 1472 896 1580 periculum
927 1471 1066 1537 vitavit.
1105 1434 1188 1539 Nan

261 1601 340 1670 baud
355 1598 462 1690 procul
476 1592 614 1662 tentorio
629 1595 714 1673 ejus,
728 1612 790 1656 non
803 1587 947 1681 ignobilis
963 1588 1177 1671 barbarus(49)

259 1740 333 1787 cum
354 1715 421 1782 teio
442 1726 602 1803 repertus,
622 1706 763 1775 ordinem
783 1704 980 1784 insidiarum,
1007 1722 1097 1790 seque
1126 1722 1175 1765 au

260 1828 452 1915 dorem&
476 1828 572 1895 socios
593 1848 650 1917 per
672 1837 826 1889 tormenta
840 1818 961 1887 edidit:
993 1816 1170 1907 convitiiqur

261 1950 298 2017 dt
319 1948 420 2038 puniti
442 1955 532 2025 a'unt,
553 1943 607 2032 qui
630 1940 732 2033 specie
747 1938 889 2005 amicitiae
902 1936 1009 2003 dolum
1027 1936 1188 2026 parabant

262 2064 331 2132 Nec
353 2060 453 2152 muito
477 2074 546 2149 post
568 2058 666 2153 legati
687 2054 912 2147 Tigranocerta
935 2053 1049 2134 missi,
1080 2068 1165 2144 parm

262 2181 370 2249 menia
393 2177 545 2257 afferunt,
564 2179 692 2242 intentos
709 2172 872 2264 populures
893 2170 937 2236 ad
949 2173 1078 2253 jussa3
1096 2162 1164 2233 unni

262 2294 568 2384 hospitale'donum,
589 2294 734 2353 eoronam
748 2310 891 2370 auream,
912 2286 1091 2353 tradebant.
1108 2277 1163 2347 Ac·

193 2429 195 2432 ·
262 2410 408 2495 cepitque
430 2424 500 2469 cum
530 2402 671 2485 honore,
701 2426 758 2469 uec
790 2404 952 2494 quidquam
983 2406 1054 2469 urbi
1081 2403 1163 2467 detra·

248 2522 362 2629 Ndium,
383 2543 446 2611 quo
467 2517 638 2607 promptim
659 2519 833 2607 obsequium
858 2517 973 2609 integri
991 2520 1161 2585 retinerent.

321 2634 433 2709 XXV.
456 2631 506 2703 At
528 2634 702 2725 praesidium
726 2635 879 2727 regium(
884 2644 959 2721 50),
989 2634 1071 2723 quod
1089 2628 1162 2695 ieror

264 2762 408 2841 juventus
421 2753 591 2835 clementi,
613 2776 675 2821 non
691 2752 755 2819 sine
776 2752 944 2818 certamine
969 2764 1163 2841 expugnatum

262 2892 328 2941 est:
352 2897 422 2959 nam
442 2871 477 2941 dt
498 2870 643 2961 proelium
666 2892 722 2959 pro
735 2868 830 2934 muris
844 2869 906 2947 ausi
920 2883 1030 2949 erunt,
1049 2864 1084 2931 dr
1093 2858 1163 2950 puisi

262 2986 326 3056 iut'
373 2986 868 3081 munimenta'aggeris‚de'1num
890 2977 1162 3071 &inrumpentium

215 3192 220 3200 Ι
264 3012 363 3206 antid
378 3114 511 3173 cessere·
533 3128 603 3201 qnae
626 3102 740 3170 facilius
755 3100 994 3191 proveniebant,
1017 3097 1085 3189 quia
1098 3092 1164 3160 Pur·

262 3222 309 3287 tbi
322 3225 489 3309 Hireaqo
498 3221 579 3288 bello
602 3219 838 3285 distinebantur.
863 3218 1077 3305 Miserantque
1087 3210 1160 3291 Hyr

262 3337 330 3401 caui
352 3307 586 3422 adhmcimm
611 3332 805 3417 Romanum,
838 3336 1015 3399 societatem
1037 3347 1157 3402 oratum,

262 3454 399 3522 attineri
414 3478 434 3521 a
454 3475 487 3520 se
499 3449 662 3537 Vologesen
681 3466 743 3543 pro
761 3456 887 3539 pignore
907 3451 1049 3521 amicitie
1073 3462 1160 3511 orten-
