2475 3967
1142 23 1155 182 'l

248 328 313 403 „a
399 292 739 375 eruturum
769 288 869 361 urs.
898 286 1020 359 xvr.
1150 243 1157 300 ¹

248 492 311 564 quo
330 476 437 531 cetere
457 464 639 521 manerent.
664 440 802 513 Additur
816 448 889 529 (35)
905 436 1100 519 codicillis,
1120 455 1164 501 tara

249 604 339 680 quam
359 576 399 643 'de
419 568 582 659 iniquitate
602 562 687 635 exitii
711 564 844 650 quereris
864 556 913 621 ita
937 556 1164 646 scripsissem

250 698 372 791 quidem
396 692 481 757 muri
504 685 598 752 nullis
621 678 759 769 supplicii
784 678 902 755 causis,
931 662 1185 755 Rrfiummm,

250 814 428 899 crispinum
448 801 493 879 ds·
505 802 649 867 Anicium
671 790 821 859 Cerialem
842 791 916 855 vita
933 787 1050 874 frui,
1078 773 1179 916 inserts}

251 928 409 1015 Principe.
429 919 513 1009 Qnae
526 909 700 1003 composita·
717 904 949 985 credebantur,
972 904 1026 970 de
1044 901 1178 989 Crispini

253 1047 326 1139 qnia
345 1032 521 1109 intersedus
542 1045 637 1109 erar,
665 1026 704 1093 de
724 1020 883 1101 Ceriale,
920 1036 962 1085 ut
995 967 1180 1087 interficere-i

255 1180 325 1231 tur.
348 1135 568 1244 Neque‘enim
592 1157 662 1235 post
685 1139 783 1209 multo
806 1136 869 1203 vim
891 1135 954 1203 sibi
978 1135 1121 1213 attulit,
1138 1131 1171 1207 ni·

256 1298 332 1347 nore
343 1292 439 1364 qnam
451 1264 551 1337 ceteri
565 1256 779 1335 miseratione,
801 1252 878 1343 quia·
889 1252 1069 1343 proditam
1078 1246 1169 1315 Cla.

257 1392 317 1465 mri
339 1382 583 1470 conjurationem
603 1378 640 1445 ab
662 1396 700 1443 eo
721 1368 955 1439 meminerant.

324 1500 455 1573 xvlss.
482 1496 538 1565 De
561 1492 604 1560 C.
627 1486 775 1557 Petronio
796 1490 867 1572 (3⁶)
899 1507 1002 1574 pauca
1020 1503 1112 1571 supra
1134 1498 1174 1542 re·

256 1618 392 1715 petenda
412 1626 499 1681 sunt.
522 1608 602 1679 Nam
623 1605 671 1671 illi
693 1603 758 1671 dies
779 1621 835 1691 per
857 1620 1017 1681 somnum,
1043 1618 1104 1663 nox
1125 1586 1172 1655 ol-

258 1738 333 1807 ficiis
363 1721 646 1801 &obledamentis
676 1720 748 1787 vitm
779 1716 1030 1808 transigebatur.
1060 1708 1172 1797 thue

129 1884 132 1891 ·
259 1855 336 1925 alios
356 1844 524 1925 industria,
544 1842 589 1908 ita
610 1839 693 1907 hunc
714 1832 835 1927 ignavia
856 1833 897 1905 ad
920 1825 1166 1922 famamprutulr-

260 1988 332 2057 rat3
362 1962 587 2049 habebaturque
617 1978 680 2032 non
709 1970 808 2043 ganeo
836 1945 870 2017 dt
902 1950 1166 2041 profligatam

259 2085 402 2179 plerique
423 2099 473 2146 sua
495 2070 711 2151 haurientium,
732 2065 785 2133 sed
806 2063 932 2131 erudito
957 2068 1058 2134 luxu.
1079 2055 1162 2128 Aedi

260 2200 310 2273 &a
328 2196 466 2287 lamque
486 2197 552 2275 ejus
572 2205 688 2279 quanto
710 2180 874 2264 solutiore,
898 2177 934 2247 dr
960 2180 1115 2273 quamdin
1123 2172 1160 2237 ni

262 2313 486 2407 negligentiam
507 2304 724 2399 praeferentia,
747 2314 835 2365 tanto
859 2296 984 2389 gratius
1009 2292 1162 2387 inspeciem

261 2424 466 2514 simplicitatis
485 2419 727 2506 accipiebantur.
739 2411 919 2489 ,Proconsul
943 2430 1061 2483 tamen
1080 2407 1161 2485 Birb-

261 2541 323 2607 niae
345 2540 434 2625 (37),
457 2531 492 2599 dt
511 2553 585 2597 mor
607 2533 733 2612 consul,
756 2531 913 2622 vigentem
936 2548 995 2613 se,
1025 2553 1058 2597 ac
1077 2541 1161 2618 parem

255 2648 570 2748 negotiis‘ostemiit':
592 2636 664 2715 dein
688 2648 845 2717 revolutus
865 2646 903 2717 ad
929 2646 1036 2729 vitia,
1059 2668 1114 2711 seu
1130 2637 1162 2703 vi·

202 2766 224 2802 ⁸
263 2774 381 2841 tiorum
403 2768 627 2849 imitationem,
656 2766 739 2831 inter
767 2784 876 2851 paucos
898 2758 1106 2829 familiarium
1120 2754 1164 2825 lle·

261 2890 331 2956 roni
352 2889 529 2978 adsumptus
556 2900 624 2965 est,
654 2878 817 2972 elegantiae
839 2878 974 2959 arbiter,
1006 2880 1078 2947 dum
1104 2867 1163 2937 nibil

263 3025 420 3073 amoenum
442 3002 477 3070 dt
490 3000 585 3068 molle
598 2995 756 3065 affluentia
766 3010 880 3083 putat,
904 2994 961 3061 nisi
973 2990 1052 3083 quod
1073 2988 1105 3056 ei
1116 2984 1164 3054 Pe·

259 3121 382 3191 t'ronius
402 3117 645 3210 approbavisset.
670 3108 768 3181 Unde
783 3110 894 3177 invidia
904 3105 1079 3201 Tigellini,
1100 3098 1165 3195 quei

262 3239 404 3305 adversus
418 3233 581 3314 aemulum,
603 3229 639 3298 dt
654 3227 782 3299 scientia,
797 3226 995 3317 voluptatum
1009 3224 1163 3314 petieren-

171 3407 174 3411 .
261 3351 349 3439 Ergo
379 3344 595 3415 crudelitatem
616 3342 792 3431 Principis,
820 3342 870 3409 cui
898 3356 1017 3411 ceterae
1047 3339 1162 3407 libidines

262 3461 438 3541 cedebant,
466 3458 674 3549 aggreditur,
703 3458 865 3530 amicitiam
885 3454 1009 3527 Seevini
1035 3452 1164 3523 Petronio
