2475 3967
154 1002 485 1080 claudius
531 1012 604 1078 de
644 1015 1041 1079 matrimonio
1087 1009 1416 1077 deliberat.
1465 1017 1641 1080 Inter
1671 1012 1948 1081 Lolliam

430 1127 818 1207 Paullinam,
851 1128 1102 1215 Juliam
1146 1131 1584 1214 Agrippinam,
1627 1128 1714 1205 «192

608 1241 853 1312 ‚AEliam
898 1247 1180 1312 Petinam
1222 1260 1529 1314 certatur.

147 1477 207 1546 Ι.
243 1370 633 1542 ΟιἘοὲ
676 1470 1033 1541 Messalinae
1061 1478 1351 1545 convulsa
1381 1475 1684 1567 Principis
1737 1425 1948 1545 domus
1965 1528 2001 1562 ,.

148 1608 293 1656 orto
341 1589 501 1678 apud
534 1591 786 1656 libertos
829 1594 1206 1676 certamine,
1253 1596 1386 1684 quis
1401 1594 1708 1684 deligeret
1736 1617 1986 1663 uxorem

149 1705 462 1785 Claudio,
506 1706 729 1768 caelibis
774 1705 921 1767 vitae
963 1707 1329 1770 intoleranti
1376 1712 1516 1788 (1),
1561 1706 1629 1770 &
1661 1712 1990 1795 conjugum

156 1816 430 1905 imperiis
474 1817 769 1881 obnoxio.
816 1814 959 1883 Nec'
974 1817 1211 1881 minore
1260 1818 1489 1884 ambitu
1530 1814 1774 1881 feminae
1817 1840 1991 1883 exar-

58 1918 62 1925 ’
155 1946 407 2010 serann,
450 1948 621 1995 suam
666 1945 923 2018 quaeque
966 1928 1348 1997 nobilitatem
1379 1980 1401 2011 ,
1457 1925 1752 2015 formam,
1812 1954 1990 2023 opes,

154 2046 573 2126 contendere,
630 2066 705 2110 ac
746 2044 930 2136 digna
974 2060 1167 2113 tanto'
1197 2047 1587 2117 matrimonio
1624 2065 1942 2115 ostentare
1968 2095 1987 2114 .

156 2162 280 2231 Sed
323 2160 587 2228 maxime
627 2160 1045 2251 ambigebatur
1087 2162 1252 2227 inter
1295 2161 1560 2230 Lolliam
1603 2161 1984 2247 Paullinam,

159 2279 265 2345 Μ.
312 2277 503 2346 Lollii
561 2276 891 2342 consularis
925 2274 1135 2343 filiam·
1167 2285 1316 2368 (2),
1370 2275 1443 2344 .&
1487 2276 1702 2363 Juliam
1749 2274 1988 2372 Agrip-

161 2395 402 2483 pinam,
446 2390 819 2457 Germanico
864 2391 1184 2481 genitam:
1232 2393 1369 2460 huic
1415 2391 1644 2476 Pallas,
1690 2394 1785 2462 illi
1829 2386 1985 2462 Cal-

165 2510 375 2589 listuS,
419 2504 686 2573 fautores
729 2508 983 2575 aderant
1019 2535 1035 2574 ε
1084 2525 1152 2573 at
1194 2506 1379 2577 AElia
1423 2507 1679 2590 Petina,
1726 2530 1763 2573 e
1807 2504 1986 2576 fami·-⁴

165 2626 242 2689 lia
257 2621 653 2689 Tuberonum
674 2672 695 2703 ,
736 2623 1014 2691 Narcisso
1054 2622 1370 2695 fovebatur
1383 2662 1407 2692 .·
1444 2621 1590 2713 Ipse
1632 2627 1814 2691 modo
1842 2627 1985 2708 huc,

163 2738 347 2807 modo
373 2738 517 2804 illuc
537 2786 557 2819 ,
600 2754 680 2803 ut-
698 2734 995 2829 quemque
1023 2740 1401 2809 suadentium
1422 2739 1732 2823 audierat,
1777 2764 1987 2830 prom-

165 2875 341 2946 ptus,
384 2853 797 2924 discordantes
840 2855 903 2925 in
946 2856 1259 2921 consilium
1305 2871 1480 2926 vocat
1498 2904 1519 2937 ,
1590 2878 1660 2924 ac
1699 2869 1987 2943 promere

169 2975 528 3038 sententiam
548 3018 569 3051 ,
612 2969 700 3045 ἀφ
738 2973 1007 3057 adiicere
1047 2974 1310 3044 rationes
1351 2970 1521 3056 jubet
1537 3019 1555 3036 .

280 3085 366 3152 11.
411 3084 721 3158 Narcissus
763 3094 939 3155 vetus
965 3080 1428 3154 matrimonium
1445 3137 1465 3170 ‚
1494 3086 1796 3175 familiam
1819 3110 1989 3161 com-

169 3222 408 3268 munem
450 3209 546 3289 (3)
613 3211 811 3289 (nam
857 3198 1135 3274 *Antonia
1196 3224 1273 3269 ex
1319 3202 1559 3284 Petina,
1584 3214 1777 3295 erat)
1844 3201 1998 3270 nihil

171 3323 238 3383 in
270 3313 596 3405 penatibus
634 3322 765 3402 eJ‘us
811 3341 1035 3392 novum
1054 3321 1405 3404 disserebat,
1448 3325 1510 3387 si
1538 3334 1706 3386 sueta
1736 3322 1997 3405 conjvnx

174 3435 401 3504 rediret
417 3482 438 3517 ,
498 3430 663 3501 haud
685 3457 990 3521 quaquam
1035 3431 1458 3506 novercalibus
1504 3435 1654 3502 odiis
1697 3456 1888 3501 usura
1931 3439 1999 3499 in

1280 3548 1344 3615 C
1396 3573 1434 3620 4
