2475 3967
12 310 14 351 l

12 352 14 363 r

11 364 13 388 Ι

12 408 14 427 l

11 964 15 1075 ι

11 278 13 302 .
92 229 95 232 ’
174 251 872 342 nu.u.eocccxu1.AEu.cuu.s3.
933 285 994 328 ω

83 447 89 456 »
141 403 252 478 XXV.
274 401 401 472 Talibus
422 405 588 497 Vologesis
607 406 727 489 literis,
748 403 940 497 quiaPaetus
952 407 1001 473 di-

82 540 188 607 uersa,
209 541 366 612 tamquam
386 521 482 587 rebus·
496 521 646 614 integris,
676 522 844 604 scribebat,
867 524 1001 590 interro·

82 656 170 733 gatus
191 639 352 721 centurio,
373 638 517 727 quicum
539 639 651 731 legatis
673 640 858 721 advenerat,
888 633 951 724 quo'
969 617 1001 706 iri

80 758 322 822 srsruArrnenr'a
342 755 443 841 esser?
466 769 567 824 omnes
589 755 658 824 inde
667 759 819 823 Romanos
840 757 1002 822 excessisse

78 870 259 961 respondit.
289 866 374 936 Tum
398 867 555 938 intensos>
586 871 782 940 barbarorum
803 869 919 952 inrisu,
948 869 1001 960 qui
1068 925 1070 929 .

79 1001 248 1079 peterent,
275 985 359 1075 quod
381 985 578 1077 eripuerant,
606 987 768 1062 consuluit·
781 986 872 1058 inter·
886 985 1002 1075 primo-

11 1118 13 1121 ⁴
80 1123 131 1168 res
153 1099 290 1169 ciuitatis
312 1099 419 1199 Nero,
440 1102 550 1170 bellurn
575 1120 703 1192 anceps,
727 1123 774 1194 ¹un
792 1119 855 1190 pou
878 1100 1001 1171 inhone-

77 1234 130 1283 sta
150 1215 306 1305 placeret.
327 1211 397 1281 uec
417 1215 590 1285 dubitatum
619 1217 781 1286 debello.
809 1215 853 1286 Et
880 1216 1000 1288 Corbu-

76 1333 134 1414 lo,
163 1345 216 1395 tot
237 1350 296 1418 per
316 1349 411 1394 annos
438 1329 569 1402 militurn
598 1352 691 1422 atque
710 1309 840 1400 hostium
869 1355 1000 1425 goarus,

74 1443 231 1540 gerendae
257 1443 305 1510 rei
333 1443 517 1537 preficitur,
549 1468 589 1513 ne
617 1449 701 1531 cujus
727 1450 852 1520 alterius
882 1447 1002 1519 inscitia

75 1580 204 1629 mosum
225 1575 423 1650 peccaretur,
444 1562 515 1652 quia
537 1561 619 1632 Paeti
642 1566 801 1658 piguerat.
830 1563 932 1656 Igitur
953 1563 1001 1631 in-

78 1676 138 1744 riti
160 1674 382 1758 remittuntur,
402 1701 473 1745 cum
493 1679 581 1751 donis
603 1697 730 1760 tamen,
752 1680 837 1746 unde
856 1701 923 1768 spes
945 1677 999 1745 fie-

11 1842 13 1849 ·
78 1797 154 1873 ret,
175 1814 237 1857 non
258 1787 373 1856 frustra
395 1792 504 1860 eadem
519 1809 676 1858 oraturum
684 1788 916 1870 Tiridaten„si
930 1809 1002 1878 pre·

78 1930 135 1976 ces
156 1907 222 1998 ipse
242 1903 415 1985 attulisset.
439 1905 598 1994 sysiaeque
618 1909 778 1976 exsecutio
793 1912 864 1993 (37)
878 1903 1001 1989 Cestio,

77 2023 182 2114 copiae
202 2021 352 2090 militares
373 2017 545 2090 Corbuloni
565 2021 740 2113 permissae,
762 2019 1002 2110 &quintadeci-

77 2163 133 2210 ma
154 2139 257 2232 legio,
279 2137 413 2207 ducente
434 2137 544 2207 Morio
563 2135 679 2222 Celso,
701 2161 719 2209 e
740 2137 897 2208 Pannonia
917 2138 1001 2221 adje-

12 2270 13 2275 ’
78 2257 130 2324 eia
151 2272 217 2322 est.
240 2253 388 2324 Scribitur
413 2254 580 2341 tetrarchis
601 2277 638 2324 ac
659 2256 803 2355 regibus,
833 2246 998 2343 praefefiis·

78 2392 147 2464 que
167 2367 202 2438 ἀ
224 2357 485 2461 procuratoribus,
515 2370 551 2444 ἀ
568 2372 631 2464 goi
658 2389 829 2461 praetorum
859 2368 1001 2439 finitimas

80 2486 256 2581 prouincias
277 2480 566 2578 regebant‚,jmr‘s
587 2487 766 2558 Corbulonis
788 2486 938 2574 obsequi,
966 2487 999 2556 io

80 2620 209 2672 tantum
229 2597 327 2670 ferme
349 2603 475 2672 modum
494 2601 578 2668 auiis
592 2619 767 2692 potestate,
789 2623 879 2690 quem
902 2625 1000 2692 popu-

81 2723 131 2788 lus
152 2713 313 2785 Romanus
332 2710 395 2780 Cn.
416 2712 584 2802 Pompeio,
613 2717 728 2786 bellum
749 2715 919 2784 Piraticurn
943 2738 1001 2808 ge·

83 2852 189 2913 nuto,
211 2827 355 2896 dederat.
378 2828 568 2926 Regressum
589 2829 730 2911 Paetum,
761 2852 832 2896 cum
861 2832 1001 2921 graviora
1083 2833 1085 2838 ’

84 2963 267 3028 metueret,
289 2941 408 3012 facetiis
428 2943 568 3016 iosedari
589 2946 661 3012 saris
682 2944 785 3012 habuit
807 2945 932 3032 Caesar,
954 2947 1001 3018 hie

83 3063 184 3131 ferme
207 3062 320 3132 verbis:
353 3069 514 3151 Ignoscere
542 3084 574 3132 se
600 3064 728 3144 statim,
754 3050 790 3130 ne
809 3081 874 3132 torn
893 3083 1000 3156 prorn-

82 3197 160 3268 μω
182 3181 214 3244 in
231 3194 379 3264 pavorem
407 3177 542 3268 longiore
577 3155 780 3248 sollicitudine
806 3196 1000 3268 egresceret.

151 3288 283 3361 XXVI.
305 3288 352 3360 At
373 3292 530 3377 Corbulo,
558 3311 666 3386 quarta
694 3291 728 3362 &
756 3293 933 3362 duodecima
955 3295 1001 3370 lez

86 3408 245 3503 gionibus,
266 3429 335 3499 quae
355 3406 519 3482 fortissimo
538 3433 661 3506 quoque
682 3410 811 3494 amisso,
831 3407 866 3478 ἀ
889 3411 1001 3486 ceteris
