2475 3967
240 288 279 355 ⁴⁸
424 268 725 352 ANNALIUM
752 270 1013 353 maxum

239 426 275 493 iis
297 437 419 489 onustas
441 442 607 513 accepere,
628 442 685 511 per
707 421 799 487 saltus
813 419 902 512 vagi,
926 416 1173 491 noiiedernum

238 540 340 608 uacuis
352 537 521 628 pharetris,
544 538 726 604 multorum
740 536 877 603 anhelitu
891 534 1037 603 redeunt.
1064 536 1171 603 Rur-

236 678 286 723 sus
306 654 398 738 deus,
420 677 481 745 qua
501 655 590 721 silvas
605 652 831 743 pererraverit,
857 651 1002 719 nouorno
1017 652 1085 721 visu
1099 654 1168 721 de-

240 788 410 840 monstrat:
432 771 690 862 reperiunturque
711 766 786 835 susae
811 768 920 857 passim
940 766 1032 837 serae.
1218 846 1219 857 ἵ

298 885 396 956 XIV.
418 888 573 957 Ceterum
593 885 766 967 Gotarzes,
804 884 937 951 nondum
962 885 1038 951 satis
1064 886 1163 953 audio

237 1005 396 1085 exercitu,
428 1005 558 1072 flumine
578 1001 696 1070 Corma
722 1023 778 1091 pro
802 1001 995 1068 munimento
1016 1000 1089 1067 nti:
1120 1002 1164 1073 δε

238 1113 420 1212 quamquam
443 1142 499 1211 per
519 1118 732 1187 inseuationes
752 1115 787 1183 dt
802 1117 924 1183 nuntios
946 1116 984 1183 ad
1006 1118 1163 1207 prtelium

239 1252 423 1319 vocaretur,
446 1236 568 1302 rediere
587 1256 706 1315 moras,
730 1234 812 1299 locos
833 1248 974 1315 mutare,
996 1231 1051 1316 dt,
1079 1234 1160 1300 mis-

238 1353 280 1421 sis
302 1354 549 1444 corruptoribus,
571 1351 741 1417 exuendam
763 1349 799 1416 ad
814 1347 904 1416 fidem
927 1349 1029 1415 hostes
1049 1370 1160 1417 erner-

238 1471 320 1539 tari.
345 1467 394 1535 Ex
416 1472 483 1559 quis
504 1464 789 1533 Irat'esAdiabenus
812 1472 845 1552 (i
851 1472 903 1551 3),
925 1488 995 1532 mox
1010 1460 1162 1558 Abgarus

241 1584 397 1668 Arabum,
416 1608 486 1651 cunr
508 1584 646 1650 exercitu
670 1581 852 1662 abscedunt,
876 1581 1003 1649 levitate
1028 1583 1156 1673 gentili,

238 1702 275 1771 dt
299 1703 370 1793 quia
393 1700 613 1791 experimentis
628 1700 796 1791 ,cognitum
819 1713 887 1779 est,
910 1697 1046 1763 barbaros
1059 1700 1156 1765 malis

240 1818 341 1886 Roma
366 1836 475 1907 petere
491 1838 600 1910 reges,
624 1838 714 1909 quarn
729 1814 859 1881 habere.
882 1808 929 1879 At
938 1812 1156 1897 Meherdates,

240 1935 347 2001 validis
372 1934 490 2002 auxiliis
513 1934 667 2013 nudatus,
696 1948 872 2009 ceterorum
893 1928 1065 2020 proditione
1087 1948 1157 1998 sus-

239 2049 346 2141 peda,
370 2049 452 2137 quod
475 2070 568 2113 unurn
588 2048 761 2133 reliquiar,
793 2066 859 2111 rem
881 2046 912 2111 in
936 2066 1031 2114 casum
1055 2044 1157 2130 dare,

241 2164 415 2259 proelioque
433 2162 570 2259 experiri
583 2159 708 2227 statuit»
740 2158 807 2227 Nec
822 2159 1004 2229 detrectavit
1018 2183 1156 2253 pugnam

240 2280 413 2358 Gotarzes,
437 2276 603 2343 deminutis
627 2272 758 2341 hostibus
771 2270 874 2341 seror.
898 2276 1155 2366 concursumque

242 2416 352 2485 magna
373 2391 478 2472 caede,
508 2388 543 2456 dc
564 2390 705 2481 ambiguo
726 2406 862 2458 eventu:
894 2393 992 2461 donec
1014 2393 1154 2461 Carrhe-

242 2532 333 2591 nem,
356 2506 528 2599 profligatis
547 2507 680 2573 obuersis
708 2505 828 2597 longius
848 2506 1004 2590 aredium,
1027 2510 1154 2601 integer

242 2651 260 2694 a
282 2644 375 2718 tergo
397 2625 504 2716 globus
524 2622 777 2696 circumveniret.
808 2619 893 2691 Turn
916 2624 999 2692 omni
1013 2648 1067 2717 spe
1080 2648 1153 2715 per-

242 2743 323 2826 dita,
345 2740 548 2808 Meherdates
568 2740 711 2831 promissa
724 2738 900 2822 Parrhasis,
921 2744 1041 2830 paterni
1055 2742 1154 2809 clien-

241 2859 301 2943 tis,
314 2875 462 2940 ,secutus,
485 2857 558 2923 dolo
579 2860 644 2939 ejus
665 2856 822 2943 vincitur3
846 2856 1036 2947 traditurque
1060 2856 1153 2925 vido-

242 2977 286 3042 ri.
314 2970 425 3063 Atque
446 2971 499 3037 iilo
521 2996 580 3042 non
598 2980 825 3063 propinquum,
852 2994 946 3061 arque
967 2978 1094 3041 Arsacis
1116 2974 1155 3041 a'e

238 3106 343 3181 gente,
364 3090 418 3156 ssd
435 3089 633 3179 alienigenam
654 3088 697 3164 do
709 3090 875 3157 Romanum
897 3090 1074 3180 increpans,
1096 3112 1156 3156 au«

242 3208 320 3273 ribus
342 3205 573 3299 docisisvivere
596 3206 700 3285 jubet,
722 3202 856 3273 ostentui
878 3208 1054 3275 clamentiae
1069 3188 1152 3289 sua,

244 3320 279 3388 dt
299 3323 330 3393 iu
353 3344 407 3389 nos
427 3320 723 3387 dehonestamento.
753 3320 838 3387 Dein
865 3321 1018 3389 Gotarzes
1046 3324 1156 3389 morbo

241 3437 336 3523 pbiit‚
357 3439 531 3526 accitusque
553 3435 584 3510 in
606 3456 736 3525 regnum
760 3436 927 3521 Vonones,
957 3435 1063 3509 Medis
1085 3452 1156 3507 tum

988 3644 991 3650 .
1015 3576 1094 3644 ΡΨ·
