2475 3967
178 203 876 336 uuucucccxv1mricuuo.
938 279 998 336 η,

80 429 141 472 suo
162 409 320 472 immotam
342 393 451 488 ubi'que
477 419 610 489 pacem,
642 400 686 478 lu
715 425 807 470 unum
836 401 871 470 id
897 397 1003 470 bellum

79 519 285 588 onesimo}
306 519 437 585 cousilio
467 535 617 586 terrorem
646 519 800 606 adjicere3
829 517 864 585 ἀ
879 516 1002 610 ’Μοςίι

78 653 185 705 stenrs
207 643 294 726 (38)
322 631 507 717 Armenios,
542 637 594 725 qui
616 635 707 726 primi
735 657 754 700 a
776 635 860 700 nobis
880 630 1003 700 defece·

77 771 181 835 rann,
204 752 291 841 pellit
312 751 445 833 sedibus,
468 751 595 818 castella
616 771 724 816 eorum
747 749 912 818 exscindit:
933 751 1002 840 pla-

76 892 141 950 na,
164 868 248 934 edita
257 917 266 949 ‚
281 867 413 950 validos,
425 868 653 957 invalidosque,
668 867 734 958 peri
748 881 834 933 metu
844 866 1000 955 complet.

146 973 311 1053 XXVIII.
340 981 412 1051 Non
445 981 624 1065 infensum,
655 983 766 1050 nedum
789 981 891 1048 hostili
913 982 1002 1064 odio,

74 1098 267 1168 Corbulonis
289 1096 516 1166 nomen-'etiam
537 1099 669 1166 barbaris
691 1097 877 1181 habebatur,
900 1119 1001 1188 eoque

74 1215 247 1284 consilium·
262 1218 330 1295 ejus
345 1212 438 1278 fidum
454 1215 638 1280 credebant.
661 1207 747 1304 Ergo
755 1214 927 1307 Vologeses
940 1235 999 1281 ne·

73 1353 139 1421 que
163 1348 257 1394 atrox
278 1329 309 1392 in
334 1325 479 1394 summam
501 1337 605 1416 (39),
626 1327 661 1395 <ic
692 1329 865 1417 quibusdam
888 1327 1000 1418 praese·

71 1445 172 1512 &urb
191 1442 326 1510 inducias
346 1443 444 1531 petit.
467 1437 623 1512 Tiridates
643 1444 743 1512 locum
765 1445 911 1536 diemque
932 1444 998 1520 col,

73 1559 186 1651 loquio
206 1560 327 1650 poscit.
352 1556 492 1651 Tempus
513 1561 736 1652 propinquum,
758 1562 860 1644 locus,
882 1561 999 1651 inquo

71 1698 178 1765 nuper
197 1675 322 1742 obsesso
349 1697 420 1740 cum
449 1675 540 1741 Paeto
568 1677 708 1766 legiones
734 1693 853 1757 erant,
882 1696 951 1740 curn
981 1698 1000 1740 a
1127 1733 1138 1763 ,Ι

73 1789 209 1858 barbulis
230 1789 365 1857 deleblus
392 1782 500 1867 esset,
529 1791 568 1850 ob
596 1786 775 1850 memoriam
797 1787 924 1868 leuioris
945 1786 1000 1850 sibi

73 1909 148 1988 rei,
172 1929 234 1971 non
259 1919 347 1970 esta
370 1890 704 1982 comsummatus,
734 1917 769 1964 ut
790 1898 999 1966 dissimilitudo
1066 1975 1071 1988 ι

70 2022 215 2091 fortune
235 2019 365 2114 gloriam
385 2033 537 2110 augeret.
567 2015 679 2105 Neque
698 2009 820 2085 infamia
843 2015 923 2083 Paeti
942 2038 998 2082 on-

74 2141 230 2231 gebatur,
250 2135 332 2226 quod
354 2121 392 2202 eo
415 2123 545 2200 menime
570 2133 697 2224 patuit,
727 2133 795 2244 quia
823 2129 884 2200 filio
913 2134 998 2215 ejus,

73 2256 227 2336 tribuno,
263 2253 379 2319 ducere
406 2239 601 2343 manipulos,
636 2265 732 2339 ¹utque
766 2249 887 2341 operire
924 2247 998 2314 reli-
1100 2251 1110 2260 ‘

75 2369 165 2460 quias
187 2373 257 2458 (40)
278 2370 368 2435 malae
389 2388 504 2459 pugneo
525 2365 705 2458 imperavit.
728 2363 791 2433 Die
811 2364 915 2456 poblo,
937 2361 996 2430 Ti-

74 2486 177 2552 berius
201 2480 383 2552 Alexander
402 2492 507 2574 (μ),
535 2482 670 2550 inlustris
698 2503 791 2571 eques
813 2481 997 2564 Romanus,

77 2600 225 2668 minister
247 2601 328 2664 bello
348 2600 461 2678 datus,
482 2597 674 2669 &Vivianus
682 2593 803 2666 Annius
825 2607 918 2686 (ῃ),
939 2621 995 2689 ge·

75 2735 137 2783 ner
159 2710 363 2792 Corbulonis,
385 2711 519 2778 noudum
540 2712 692 2780 senatoria
714 2729 809 2778 aetate
832 2719 921 2798 (43),
943 2714 995 2778 sed
1092 2780 1094 2785 .

76 2853 135 2923 pro
157 2829 266 2921 legato
287 2827 406 2919 quintae
429 2827 545 2920 legioni
565 2827 741 2917 impositus,
763 2827 795 2892 in
817 2843 913 2892 castra
935 2823 995 2892 Ti-

77 2945 185 3014 ridatis
207 2965 341 3027 venere,
363 2943 481 3010 honore
501 2946 583 3026 ejus,
612 2965 650 3010 ac
679 2962 719 3007 ne
740 2959 895 3010 metueret
922 2943 994 3010 insi·

75 3064 162 3148 dias,
184 3063 241 3132 tuli
262 3061 419 3154 pignore.
449 3059 564 3133 Viceni
591 3057 705 3126 dehinc
733 3057 849 3150 equites
874 3059 993 3126 admur-

76 3177 145 3267 pti.
170 3173 213 3242 Et
233 3178 300 3244 luiso
320 3176 526 3260 Corbulone,
556 3198 612 3245 rex
636 3176 827 3267 prioreque
854 3174 992 3242 desiluitr

76 3310 136 3360 uec
159 3279 316 3362 condatur
335 3292 491 3363 Corbulo.
519 3292 581 3362 Sed
603 3293 699 3386 pedes
720 3311 850 3383 uterque
870 3291 993 3357 dextras

77 3431 225 3477 miscuere
239 3457 250 3475 .
