2475 3967
242 216 896 351 AN-U.C.DCCC1.AER.CHRr4aJ
988 302 1025 351 tr

118 429 252 501 muneris
270 426 517 520 magnificentia,
545 426 776 517 protuleratad
798 424 897 491 studia
920 424 1029 517 vulgi.

116 547 178 616 sed
201 544 277 611 nihil
298 544 602 611 arduumvidebatur
622 543 655 609 in
676 543 776 609 animo
792 540 959 630 Principis,
981 539 1029 606 cui
1101 612 1108 625 ‚

112 686 179 730 nou
201 660 366 741 judicium,
389 684 450 725 non
465 660 567 727 odium
590 676 675 741 erat,
698 658 753 723 nisi
770 657 867 725 indita
887 654 1031 737 dejurare.

173 776 236 845 lv.
261 777 361 868 Igitur
384 777 557 857 Vitellius,
592 775 720 842 nomine
745 753 877 843 censoria
907 772 1032 839 serviles

115 890 250 962 fallaciae
283 894 449 984 obtegenm
484 891 752 985 ingruentiumque
788 890 1034 978 dominationum,

115 1010 272 1101 provisor,
294 1030 356 1097 quo
377 1009 507 1100 gratiam
528 1007 714 1101 Agrippinae
735 1022 878 1095 panset,-
901 1004 1031 1071 consiliis

112 1130 182 1208 ejus
202 1125 368 1214 implicari,
390 1146 493 1192 serere
514 1124 641 1191 crimina
664 1122 860 1205 inSilanurn‚
883 1122 932 1189 rui
955 1142 1031 1188 sane

113 1243 227 1309 decora
248 1239 283 1307 δι
305 1262 418 1329 procax
439 1261 548 1322 soror,
569 1240 656 1326 Junla
678 1238 827 1321 Calvina,
849 1238 927 1306 haud
950 1236 1031 1303 mul-

115 1376 184 1423 tum
207 1371 281 1421 ante
304 1354 428 1425 Vitellii
452 1378 544 1423 nurus
564 1353 685 1423 fuerat:
706 1355 777 1422 hinc
798 1353 918 1423 initium
941 1372 1030 1419 aceu-

114 1472 261 1553 sationis,
292 1469 483 1567 fratrumque
505 1482 555 1563 (⁶)
588 1496 649 1540 non
671 1473 841 1554 incestum,
870 1470 921 1537 sed
943 1471 1031 1539 inc-ua

112 1588 263 1653 studitum
286 1610 424 1658 amorem
445 1591 485 1657 ad
507 1588 663 1657 infamiam
685 1590 796 1655 traxit:
819 1585 853 1655 dt
875 1587 1031 1677 praebebat

104 1702 223 1773 caesar
244 1726 350 1784 aures,
372 1706 556 1791 accipiendis
578 1706 739 1768 adversum
764 1722 913 1791 genarum
935 1700 1031 1787 auspi*

111 1814 251 1881 cionibus
271 1817 402 1885 caritate
422 1814 495 1879 filiae
518 1814 714 1903 promptior.
745 1810 793 1882 At
815 1810 959 1892 Silanus,¹
982 1812 1031 1876 in*

113 1928 257 1997 nolarum
279 1929 415 2011 nescius,
438 1950 475 1994 ac
495 1924 577 1995 forre
598 1949 636 1993 eo
658 1950 738 1993 anno
760 1942 896 2016 praetor,
918 1946 1032 2017 repen-

110 2056 148 2113 te
168 2065 226 2133 per
247 2042 376 2110 edilium
399 2044 526 2114 Vitellii
553 2043 660 2109 ordine
682 2042 836 2109 senatorio
856 2059 1029 2125 moretur,

110 2180 293 2251 quamquam
314 2158 393 2225 letio
412 2160 532 2249 pridem
553 2178 679 2243 senatu,
702 2161 859 2248 lustroque
881 2152 1029 2241 condito,

110 2274 200 2341 simul
221 2272 410 2341 adfinitatem
433 2273 581 2343 Claudius
602 2274 745 2357 diremit,
776 2272 957 2365 adallusque
978 2268 1027 2341 Si-
1061 2326 1062 2329 ,

110 2390 198 2458 lanus
217 2392 338 2471 ejurare
358 2390 570 2481 magistrarum
580 2440 591 2472 ,
613 2389 791 2481 &reliquus
804 2404 951 2483 prae'turar
963 2388 1030 2457 dies

110 2505 145 2573 in
165 2504 292 2597 Eprium
315 2506 505 2573 Illarcellum
527 2506 656 2573 collatus
681 2524 746 2573 estu

278 2733 347 2804 Aur
368 2757 398 2803 o.
419 2760 450 2805 o.-
470 2745 581 2806 onnam
605 2734 686 2805 AEr.
710 2734 796 2806 Cur.
819 2760 872 2813 49ae

109 2994 114 3001 ’
172 2966 218 3038 V.
244 2963 459 3059 C-Pompejo,
483 2969 677 3062 QVeranio
692 2966 883 3051 consulibum
906 2965 1026 3058 padum

110 3083 194 3149 inter
215 3082 385 3152 Claudium
409 3081 669 3177 &Agrippinam
690 3085 937 3152 matrimonium.
960 3082 1027 3168 Jan

109 3192 212 3279 fama,
234 3203 295 3281 jam
317 3222 426 3269 amore
448 3202 567 3269 inlicito
589 3200 784 3284 firmabatur,
809 3201 952 3269 necdum
973 3216 1025 3261 ee·
1095 3235 1097 3241 .

108 3310 233 3377 lebrare
255 3315 405 3385 solemnia.
419 3319 598 3407 nuptiarum
620 3318 791 3400 audebant,
815 3314 899 3382 nullo
920 3334 1026 3379 erem-

110 3426 164 3515 plo
186 3426 324 3516 dedulloe
343 3432 376 3500 in
389 3433 524 3511 'domum
545 3436 647 3524 patrui
675 3430 779 3500 fratris
801 3428 898 3495 filia.
940 3429 1031 3517 Qun
