2475 3967
229 249 934 326 AN.U.C.DCGCXV.AER.CHR.⁶2„
979 279 1039 322 ιη
1105 301 1109 312 .

122 406 258 487 hortari,
281 408 418 494 priorum
438 403 624 485 admonere,
646 425 756 470 novam
782 403 914 496 gloriam
938 419 1043 470 osten-

122 524 214 589 dere.
237 523 315 587 Non
336 523 423 588 vicos
443 517 630 608 aut-oppida
652 523 890 600 Armeniorum,
920 521 974 586 sed
991 539 1043 588 ca·

118 657 193 704 stra
216 643 371 718 Romana,
400 636 540 720 duasque
559 640 592 702 in
614 638 655 700 iis
677 635 808 722 legiones
834 639 974 722 pretium
996 637 1042 702 La·-

116 753 212 822 borit
231 758 311 840 peti.
332 758 367 821 se·
387 752 512 840 singulis
534 749 775 840 manipularibus
790 757 861 840 (ις)
881 756 1041 842 precipua

117 872 244 936 servati
271 871 351 935 civis
381 889 494 936 corona
521 869 729 955 imperatoria
762 889 854 934 aranu
881 867 1042 936 tribuere-

115 1003 195 1066 tur,
218 984 300 1070 quod
316 984 393 1051 iilud
413 980 456 1059 dm
477 1001 627 1069 quantum
650 981 758 1065 decue,
779 982 830 1049 ubi
848 1000 909 1071 par
932 1005 1040 1051 eorum

114 1115 263 1166 nanterus
283 1101 522 1187 adipisceretur,
542 1103 595 1184 qui
616 1098 797 1166 attulissent
821 1099 970 1181 ealutem,
995 1099 1040 1175 dm

113 1218 173 1301 qui
202 1215 418 1302 accepissent?
452 1211 515 1276 His
545 1230 638 1302 atque
669 1213 776 1280 trinitus
812 1215 845 1280 in
875 1235 1040 1282 commune

112 1331 259 1406 alacres,
279 1307 334 1411 (dt
355 1344 444 1393 erant
464 1347 539 1416 qnos
559 1327 691 1416 pericula
713 1326 863 1411 fratrum,
886 1347 940 1400 ent
965 1353 1038 1418 pro-

112 1443 304 1534 pinquorum
324 1441 456 1531 propriis
465 1443 595 1508 stimulis
605 1445 835 1532 incenderent)
856 1445 1038 1514 continuum

111 1559 171 1626 diu
194 1553 342 1645 nodoque
362 1556 424 1624 iter
443 1560 669 1650 properabant.

184 1666 277 1738 XIII.
300 1671 408 1762 quue
437 1675 586 1740 intentius
607 1677 785 1767 Vologeses
812 1699 955 1764 premere
982 1675 1037 1741 ob-

115 1809 237 1869 sessos,
266 1786 358 1854 modo
380 1787 494 1853 vallum
515 1789 700 1878 legionum,
732 1787 824 1854 modo
848 1789 1009 1854 castellum
1024 1837 1040 1870 ,

114 1927 181 1996 qno
200 1900 332 1967 imbellis
361 1917 436 1966 aetas
465 1898 704 1982 defendebatur,
732 1898 936 1994 adpugnare,
965 1924 1036 1994 pto·

115 2021 186 2112 pius
206 2018 373 2100 incedens,
394 2039 486 2108 quam
507 2038 572 2082 mos
593 2015 735 2098 Parthis,
758 2017 840 2086 si-e'a
856 2019 1036 2088 temeritate

116 2136 239 2202 hostem
260 2133 292 2199 in
314 2132 629 2225 proelinneiiceret.
659 2127 773 2206 Atilii
799 2135 849 2202 vix
870 2111 1040 2206 contuber-¹

116 2252 175 2318 niis
195 2249 342 2337 extradii3
364 2273 421 2318 nec
442 2250 542 2332 aliud,
563 2273 655 2342 quam
675 2251 867 2320 rnonhnenta
882 2273 1035 2340 „propu-

118 2365 269 2459 gnabant:
291 2389 360 2456 pars
380 2370 460 2449 jussu
480 2367 584 2450 duco,
613 2363 723 2434 &alii
744 2368 869 2458 propria
892 2366 1035 2459 ignavie,

112 2499 154 2550 ut
175 2479 385 2550 Corbulonem
407 2485 622 2574 opperientes,
662 2507 698 2552 ac
726 2485 753 2549 si
782 2484 825 2552 vis
853 2485 1034 2576 ingrueret,

116 2598 245 2688 provisis
263 2597 412 2683 exemplis
433 2605 505 2680 (1⁶)
518 2594 669 2664 Caudinae
691 2621 727 2666 ac
747 2599 947 2668 Numantinae
968 2601 1034 2667 cln-

118 2712 182 2778 dis:
203 2712 315 2794 Neque
334 2709 467 2774 eamdem
488 2714 555 2777 uine
574 2714 785 2794 samnitibus,
806 2707 917 2785 Italico
935 2727 1033 2800 popu-

70 2850 74 2854 ·
116 2828 166 2909 to,
187 2841 243 2891 aut
265 2827 383 2906 Penes,
416 2827 545 2891 Rotnani
573 2829 694 2913 imperii
718 2825 857 2894 emulis.
892 2827 1033 2896 Validam
1087 2851 1104 2882 ··

115 2963 234 3030 quoque
254 2939 299 3018 du
312 2938 468 3008 hudamne
481 2945 718 3028 antiquitatem,
748 2947 885 3028 quotiens
899 2943 1034 3031 fortuna

119 3075 225 3125 contra
248 3059 360 3139 daret,
384 3057 480 3124 saluti
500 3057 702 3125 consuluisse.
730 3057 799 3152 Qa
821 3061 1033 3153 desperatione

118 3173 273 3238 exercitiis
291 3174 353 3240 dux
374 3171 525 3258 sotades,
545 3173 657 3264 primas
678 3193 781 3242 tamen
797 3177 902 3244 literas
916 3173 1033 3244 adVo-

118 3288 266 3380 logesen,
286 3312 347 3354 non
368 3289 547 3380 supplices,
563 3290 629 3358 ,ned
646 3291 691 3359 ,in
716 3293 843 3364 'modum
868 3291 1033 3378 ‚querende

116 3403 307 3496 composuit,
342 3407 423 3490 quod
445 3422 506 3492 pro
528 3412 702 3497 Armeniis,
736 3423 855 3495 semper
887 3410 1032 3479 nomana.

668 3523 702 3587 0
724 3549 740 3586 2
