2475 3967
236 322 279 376 24
412 296 749 372 ‘ANNALIUM
778 302 873 372 LIB.
896 294 955 373 XI.

234 450 335 517 derit.
358 450 409 513 An
426 465 557 537 parum,
579 453 662 537 quod
681 456 782 520 Veneti
805 453 847 529 ln
866 454 1007 521 Insubres
1029 461 1179 525 curiam.

233 568 429 650 inruperint,
461 568 522 630 nisi
542 585 634 635 emtus
662 569 922 657 alienigenarum,
950 568 1032 637 velut
1053 578 1171 660 captiae

146 685 150 707 '·
233 683 338 761 nitas,
360 680 537 768 inferatur?
563 702 651 769 quem
674 685 757 752 ultra
780 682 924 753 honorem
941 688 1074 753 residuis
1102 710 1168 755 no-

231 794 364 862 bilium?
386 813 441 862 aut
454 801 557 883 siquis
566 816 686 888 pauper
699 805 814 869 eLatle
824 820 949 871 senator
957 803 1069 889 foret?
1081 811 1165 892 (68)

228 912 411 999 oppleturos
432 917 534 979 omnia
557 916 669 982 divites
691 916 778 998 illos,
801 937 926 1003 querum
944 922 1000 984 avi
1018 926 1161 1006 proam-

229 1048 312 1113 que,
342 1026 496 1095 hostilium
525 1035 678 1104 nationum
708 1031 818 1113 eluces,
854 1038 1004 1100 exereitus
1033 1052 1161 1101 nestros

224 1141 314 1230 ferre
335 1147 428 1229 vique
447 1145 629 1231 ceciderint3
651 1148 755 1214 divum
771 1144 891 1236 julium
912 1150 996 1237 apul
1013 1150 1158 1217 alestam

231 1254 425 1325 obsederint.
461 1262 603 1329 Recentia
623 1260 706 1330 iac.-
736 1266 811 1348 quil
831 1267 859 1328 si
881 1269 1025 1331 memoria
1046 1288 1155 1333 eorum

229 1376 401 1440 inaniretur
422 1380 513 1463 (69),
535 1382 587 1464 qui
608 1378 751 1465 capitolia
773 1378 816 1454 lm
837 1384 1055 1448 arceRemana
1079 1404 1154 1447 ma-

230 1486 320 1553 nibus
340 1491 511 1556 eorumdem
529 1477 716 1580 prostratil.
731 1498 918 1561 Fruerentur
931 1518 1002 1562 sane
1015 1496 1152 1565 vocabu,

199 1637 201 1642 ·
230 1601 261 1668 lo
280 1607 442 1671 civitatis:
465 1588 598 1695 insignia
615 1624 763 1695 patrum,
784 1610 890 1677 decora
899 1614 1154 1699 magistratuum,

228 1739 265 1783 ne
278 1718 455 1807 vulgarent.
1069 1802 1071 1809 ,

285 1830 414 1906 xxlv.
436 1835 500 1904 His
522 1861 617 1933 atque
640 1842 750 1909 talibus
771 1842 849 1911 haud
871 1822 1146 1936 permotusPsin-

227 1969 319 2037 ceps,
341 1948 377 2013 &
393 1942 501 2018 ‘statim
523 1972 632 2023 contra
654 1958 815 2046 disseruit;
837 1957 995 2025 &vocato
1017 1982 1147 2045 senatu,

227 2064 273 2127 ita
294 2059 423 2153 enorsue'·
437 2084 503 2130 est.
547 2076 684 2154 Majores
708 2076 768 2136 mei
790 2078 859 2161 (70)
881 2084 1036 2161 (querum
1058 2083 1145 2145 anti-

227 2165 395 2264 quissimul
417 2178 561 2263 clausus,
583 2184 697 2269 origine
711 2185 843 2267 sabina,
866 2192 963 2257 simul
980 2189 1012 2258 in
1033 2188 1144 2261 civita-

226 2308 289 2357 tem
309 2295 494 2375 Romanam,
516 2294 560 2369 ln
582 2301 614 2363 in
620 2296 764 2385 familias
783 2308 984 2389 patriciorum
1009 2310 1144 2377 adscitus

126 2431 129 2437 ¹
225 2412 302 2492 est)
330 2404 516 2491 metantur,
548 2417 595 2478 uti
611 2414 745 2501 paribus
765 2419 905 2486 consiliis
918 2424 1141 2515 rempublicam

180 2531 183 2537 '
225 2536 398 2608 capessam,
419 2526 629 2612 transferenda
652 2530 728 2613 hue,
749 2537 970 2622 quoiusquam
991 2546 1143 2629 egregium

176 2642 179 2647 ’
217 2635 336 2717 fiserit.
368 2640 484 2727 Neque
503 2647 582 2710 enim
604 2650 710 2732 ignoro
724 2650 832 2737 Julius
855 2651 954 2735 Alba,
986 2664 1152 2728 curuata-⁴
1181 2724 1184 2728 .

223 2756 290 2818 aios
300 2760 460 2836 Cameria,
484 2760 614 2825 Peneios
628 2765 756 2831 Tusculo
763 2788 775 2849 ,·
787 2765 859 2847 ln,
883 2789 919 2833 ne
934 2787 1041 2837 vetera
1054 2796 1140 2843 scru-

222 2883 349 2950 temur,
362 2874 494 2937 Etruria
515 2880 731 2963 Lucaniaque,
754 2880 797 2954 ln
817 2888 895 2949 omni
908 2887 1020 2969 Italia,
1043 2894 1137 2955 inse-

221 2999 328 3047 nsatum
348 2990 477 3052 accitos.
501 2992 660 3059 Postremo
682 2998 781 3081 ipsam
803 3007 874 3083 (71)
896 3000 940 3065 acl
951 3003 1043 3091 Alpes
1061 3020 1147 3091 pru-2

219 3114 362 3181 motam,
400 3119 435 3166 ut
457 3123 517 3168 non
538 3106 624 3174 made
652 3112 762 3196 singuli
784 3116 930 3198 viritim,
965 3120 1023 3185 sed
1040 3136 1135 3193 terrae

213 3219 376 3301 gentesque
397 3220 430 3282 in
451 3240 555 3285 nornen
576 3240 714 3287 nostrum
735 3226 951 3297 coalescerent.
979 3242 1060 3299 Tunc
1082 3258 1135 3301 so·
1222 3308 1223 3311 ,

217 3325 282 3393 lida
302 3321 383 3397 deni
404 3338 515 3418 quies,
551 3333 594 3409 ly
614 3337 766 3405 adversus
797 3362 920 3411 esterna
944 3348 1134 3435 floruimus,

217 3462 284 3507 cum
298 3449 512 3537 Transpadani
539 3453 572 3514 in
593 3454 751 3521 civitatem
773 3463 909 3549 recepti,
944 3486 1016 3531 eum·
1028 3470 1137 3554 specie-
