2475 3967
250 223 289 281 σι
428 198 738 277 nnnnnrun
769 198 970 275 nrnxn.

250 363 281 429 in
306 380 379 438 nos,
400 353 600 445 &pleraque
621 320 724 423 candes
735 339 926 426 oriebantur.
949 352 1201 447 Posteaquam,

248 474 325 543 fabia
349 471 522 551 testudine,
544 470 691 573 rudes&
713 466 858 542 informes
879 494 1024 542 satorum
1056 496 1196 563 cumpa-

148 592 152 602 “
250 612 307 684 ges
328 586 499 671 distradae,
522 609 637 677 parque
658 587 796 656 cominus
815 587 914 671 scies,
935 589 1116 658 decedere
1132 591 1194 655 bar·

251 706 314 773 bari
337 705 370 769 in
390 707 462 797 juga
484 701 652 773 montium.
678 702 739 773 Sed
753 725 791 772 eo
814 724 934 795 quoquc
955 702 1130 793 inrupere
1151 703 1191 771 se-

252 819 404 889 teutarius
425 819 586 911 gravisque
609 820 697 887 miles
719 826 803 906 (64):
833 818 897 901 illi,
921 818 991 887 telis
1015 821 1188 889 adsultan-

96 938 101 950 '
193 1004 196 1008 ,
251 954 317 1020 tes,
339 936 388 1018 bi,
408 932 550 1003 conserto
572 936 694 1027 gradu3
725 936 852 1003 turbatis
872 951 979 1003 contra
1003 936 1186 1003 Britanno·

250 1075 319 1121 turn
340 1049 513 1132 ordinibus,
533 1051 615 1140 apud
628 1072 703 1143 quos
723 1050 806 1120 nulla
820 1051 982 1120 loricarum
996 1049 1182 1143 galearum⁴

249 1190 292 1235 ne
313 1167 470 1257 tegmina:
506 1164 542 1233 dc
564 1166 588 1231 si
611 1165 801 1237 auxiliaribus
831 1167 1031 1249 resisterent,
1067 1170 1179 1259 gladiis

251 1307 289 1351 ac
304 1283 373 1372 pilis
388 1281 642 1373 legionariorum
656 1284 680 1349 si
695 1282 753 1349 huc
769 1298 946 1365 verterent,
961 1282 1088 1372 spathis
1110 1294 1143 1371 (6
1148 1294 1177 1369 ς)

244 1398 289 1468 dr
310 1398 401 1477 hastis
422 1397 611 1464 auxiliarium
633 1398 862 1473 sternebantur:
892 1398 973 1467 clara
995 1418 1035 1467 ea
1051 1398 1173 1467 vidiorir

252 1510 331 1595 init,
355 1529 505 1603 captaque
528 1535 623 1579 uxore
644 1512 679 1581 dt
695 1512 753 1579 filia
767 1512 943 1597 Cantiaci,
964 1510 1082 1583 fratres
1099 1540 1172 1607 qun·

253 1651 313 1720 que
336 1628 369 1693 in
390 1627 580 1708 deditionem
601 1629 738 1719 accepti.
1205 1702 1206 1711 ,

310 1734 475 1846 xxxvl.
506 1743 577 1833 lpse
604 1755 670 1835 (ut
692 1741 789 1816 ferme
810 1745 911 1813 intuta
932 1761 1002 1813 sunt
1015 1742 1168 1832 adversa)
1205 1732 1206 1747 ¹

251 1879 324 1940 cum
346 1860 437 1930 tidem
459 1856 724 1944 Cartisrmndnae,
747 1861 865 1953 reginae
886 1861 1083 1953 Brigantum,
1114 1886 1165 1953 pe·

252 1966 392 2055 finirier,
416 1973 530 2044 vindus
549 1976 754 2057 acrinnribus,
773 1978 902 2045 traditus
917 1994 984 2060 est,
1000 2000 1077 2046 noun
1092 1995 1167 2065 post

253 2111 356 2171 annu,
386 2109 478 2179 quam
499 2089 611 2160 bellum
633 2090 665 2154 in
688 2090 845 2165 Britannia
866 2070 1025 2184 caprum.
1063 2086 1164 2159 Unde

145 2251 149 2260 .
254 2202 335 2269 fama
358 2205 423 2281 ejus
445 2201 548 2267 evedla
563 2202 690 2285 insulas,
712 2202 1079 2299 &proxirnnsprovincias
1093 2230 1162 2297 per⁴

254 2332 386 2406 vagata,
408 2333 465 2403 per
488 2313 608 2390 Italiam
630 2338 749 2410 qnoque
771 2322 1002 2397 celebrabaturz
1023 2324 1159 2393 avebant·

253 2426 315 2523 que
339 2429 458 2512 visere,
479 2432 545 2520 quis
567 2434 641 2515 ille,
672 2452 721 2502 tot
742 2460 799 2527 per
821 2462 933 2523 annus,
961 2462 1031 2530 opes
1051 2457 1157 2507 nostras

256 2546 446 2637 sprevisset.
491 2547 542 2619 Ne
563 2548 676 2620 Rome
705 2552 836 2643 quidem
852 2554 993 2647 ‘ignobile'
1012 2555 1154 2629 Crindaci

253 2672 367 2731 nomen
388 2680 474 2733 erat.
495 2665 539 2733 Er
561 2662 690 2750 Caesar,
711 2669 784 2738 dnrn
806 2692 891 2745 suurn
913 2672 1153 2751 recusarunt,

252 2778 374 2848 eddidit
395 2779 527 2873 gloriam
553 2782 648 2851 viuo.
673 2784 813 2855 Vocatus
834 2787 968 2877 quippe,
988 2805 1022 2855 ut
1042 2788 1152 2855 adinsi-

252 2915 315 2985 gne
335 2895 556 2983 spedacuium,
577 2901 723 2990 populus.
748 2900 873 2973 Stetere
894 2902 1029 2973 inarmis
1048 2920 1151 2993 preto·

253 3008 314 3077 rien>
330 3009 491 3095 cobortes,
512 3037 640 3105 campo,
660 3016 714 3106 qui
736 3030 833 3087 castra
856 3022 1017 3107 praejacet.
1058 3016 1150 3101 Tum,

252 3124 461 3235 incedentibus
481 3128 574 3221 regiis
592 3132 767 3215 clientelis,
788 3132 924 3223 pbnlerae
938 3142 1006 3223 (⁶⁶)
1025 3114 1148 3225 torques-

252 3262 332 3329 que,
362 3263 493 3333 queque
521 3245 657 3321 externis
679 3246 763 3317 bellis
791 3251 979 3339 quaesierat,
1008 3248 1125 3318 nadnua
1137 3272 1147 3336 ;

252 3374 324 3423 mox
344 3350 480 3443 iratres,
507 3357 543 3430 dc
564 3364 723 3451 cunjunx,
753 3360 787 3435 dr
811 3364 893 3435 filia:
923 3382 1068 3455 portent
1087 3365 1146 3455 ipsc
1205 3418 1206 3443 2
