2475 3967
344 576 856 776 tatere

391 803 404 807 ι
475 805 533 810 Ἢ
580 709 648 776 ee

314 1138 496 1203 Armeniam
519 1133 640 1199 invadit
661 1132 837 1219 Vologeses,
866 1129 1078 1199 Parthorum
1100 1156 1162 1215 rex,

389 1272 479 1340 quem
499 1248 630 1318 Corbulo
659 1265 762 1329 caute,
788 1250 923 1337 sortiter
946 1266 1087 1335 tarnem,
1186 1244 1187 1253 ’

647 1368 821 1454 repressit.

1186 1652 1187 1679 n

269 1612 534 1791 LINeetra
561 1732 618 1778 rex
637 1706 843 1794 Parthorum,
865 1709 1056 1803 Vologeses,
1077 1713 1180 1803 cogni-

269 1828 310 1896 tis
331 1826 516 1895 Corbulonis
551 1826 664 1908 rebus‚
694 1848 865 1917 regemque
893 1827 1102 1917 alienigenam
1130 1827 1175 1893 Ti-

269 1960 388 2035 granen
416 1941 577 2011 Armeniae
604 1943 799 2031 impositum:
838 1942 956 2025 simul,
986 1939 1089 2009 fratre
1111 1942 1187 2009 Tin-5

268 2059 340 2124 date
362 2059 469 2147 pulso,
489 2077 632 2148 spretum
652 2056 869 2128 Arsacidarum
889 2054 1057 2148 fastigium
1077 2061 1121 2127 ire
1140 2040 1187 2125 ol*

269 2190 339 2241 tum
363 2176 470 2245 volent
477 2200 492 2261 3.
510 2174 722 2266 magnitudine
743 2197 863 2249 rursum
884 2151 1037 2244 Romana
1067 2177 1101 2245 ἂ
1118 2200 1172 2241 con·

265 2292 349 2357 tinui
371 2289 496 2360 foederis
518 2291 712 2373 reverentia,
737 2292 870 2357 diverses
883 2290 922 2359 ad
937 2314 1031 2360 curas
1054 2294 1169 2362 traheba-

268 2420 337 2473 tur:
358 2402 518 2467 cunliator
542 2401 687 2489 ingenio,
708 2403 744 2469 tit
759 2404 929 2471 defectione
945 2404 1169 2491 Hyrcanorum,

266 2515 373 2608 gentis
395 2514 525 2597 validae,
545 2514 715 2605 multisque
738 2541 776 2586 ex
792 2544 830 2586 eo
847 2522 932 2590 bellis
943 2520 1098 2615 inligatus»
1115 2520 1167 2587 At-

264 2652 326 2724 que
351 2630 437 2699 illum
457 2632 633 2724 ambiguum
654 2658 751 2703 novus
777 2638 902 2727 insuper
930 2640 1061 2707 nuntius
1079 2656 1168 2707 contu-

268 2748 370 2816 meliae
391 2748 586 2818 exstimulat:
611 2750 726 2840 quippe
749 2774 888 2843 egressus
911 2749 1166 2846 ArmeniaTigra-

264 2888 336 2946 nes,
358 2862 553 2952 Adiabenos,
573 2868 798 2934 conterminam
819 2868 1002 2954 nationem,
1031 2873 1114 2937 latius
1138 2894 1166 2935 ae

263 2979 395 3063 diutius,
416 3004 507 3071 quam
521 3004 579 3074 per
593 2983 772 3068 latrocinia,
786 3000 977 3053 vastaverat.
1005 2984 1095 3075 quue
1109 2986 1164 3074 pri-

252 3118 361 3166 mores
384 3099 524 3192 gentium
547 3120 635 3190 aegre
658 3100 852 3181 tolerabant:
882 3120 915 3168 ro
944 3104 1163 3193 contemptionis

259 3214 460 3299 demensum,
481 3232 517 3282 ut
536 3236 574 3282 ut
592 3216 667 3283 duce
686 3218 808 3301 quidem
828 3220 964 3285 Romano
982 3222 1160 3287 incursaret

259 3342 331 3414 tur,
359 3332 413 3397 sed
438 3331 612 3396 temeritate
639 3328 784 3416 obsidis,
813 3349 861 3401 tot
887 3348 947 3421 prr
969 3357 1064 3403 annos
1093 3338 1155 3403 t'nttr

261 3445 416 3529 mancipia
442 3442 570 3535 habiti.
600 3438 803 3518 Accendebat
830 3448 969 3518 dolorem
997 3472 1103 3519 eorum
1122 3456 1159 3538 (ι)
