2475 3967
239 312 276 368 72
385 343 388 349 r
437 270 867 349 ANNALIUMLIB.
892 270 969 341 XII.

235 432 409 526 appellare.
433 423 551 509 Adjicit
573 424 797 509 jusjurandum,
822 422 1012 521 taurosum,¹
1030 442 1111 491 non
1129 447 1185 490 ve-

235 571 308 619 neno
335 552 403 615 vim
424 545 617 611 allaturum:
648 540 735 607 simul
764 540 795 605 in
816 540 917 605 lucum
946 539 1180 628 propinquum

234 662 350 744 trahit,
376 664 541 749 provisum
564 656 625 725 iilic
647 652 833 738 sacrificium
855 658 1050 743 imperatum
1085 662 1177 742 (οι)

233 779 391 860 diuitans,
412 794 447 842 ut
462 778 529 843 ‘diis
549 772 676 840 testibus
694 788 756 859 pax
771 767 974 853 firmaretur.
1005 768 1103 836 Mos
1128 790 1174 836 est

234 896 379 987 regibus,
406 892 548 981 quotiens
569 888 602 955 in
623 889 799 955 societatem
821 906 957 967 coeant,
994 886 1171 976 implicare
1198 912 1199 971 i

235 1012 379 1094 dextras,
402 1008 590 1097 pollicesque
612 1004 742 1069 interae
758 1002 892 1083 vincire,
916 1002 1064 1091 nodoque
1084 1025 1169 1093 prae-

235 1128 415 1217 stringere:
437 1144 528 1202 mox,
556 1120 607 1185 ubi
629 1118 748 1211 sanguis
775 1118 807 1183 in
827 1134 912 1183 artus
934 1134 1106 1185 extremos
1135 1141 1165 1183 se

235 1241 380 1309 effuderit
395 1245 485 1325 (92),
508 1235 569 1303 levi
594 1234 652 1301 ieta
673 1254 815 1301 cruorem
830 1233 977 1315 eliciunt,
998 1236 1163 1324 atquein-

236 1359 336 1427 vicem
357 1354 516 1423 lambunt:
553 1349 584 1415 id
605 1346 706 1419 soedus
727 1370 870 1417 arcanum
892 1350 1044 1433 habetur,
1076 1351 1162 1441 quasi

237 1491 347 1540 mutuo
369 1490 478 1539 cruore
500 1482 669 1533 sacratum.
699 1466 760 1533 Sed
784 1481 877 1547 tunc,
899 1467 952 1555 qui
976 1486 1014 1532 ea
1037 1468 1160 1535 vincula

238 1588 438 1667 admovebat,
469 1581 615 1649 decidisse
635 1582 805 1664 simulans,
834 1604 935 1673 genua
957 1580 1159 1649 Mithridatis

238 1702 382 1786 invadit,
415 1702 573 1791 ipsumque
602 1697 793 1787 prosternit:
830 1699 980 1788 simulque
1007 1722 1156 1767 concursu

237 1820 380 1912 plurium·
396 1817 573 1900 injiciuntur
597 1832 735 1900 catenae3
758 1834 793 1879 ac
816 1814 983 1905 compede,
1005 1817 1086 1903 quod
1100 1816 1154 1881 de·

238 1940 384 2003 decorum
405 1932 554 2011 barbaris,
576 1931 752 1997 trahebatur
766 1940 799 2016 (9
806 1937 853 2015 3).
878 1928 1019 2019 Moxque
1033 1932 1155 2021 vulgus,

199 2102 202 2110 .
239 2053 317 2117 duro
337 2048 466 2137 imperio
488 2046 645 2124 habitum,
681 2045 789 2131 probra
810 2066 845 2109 ac
867 2047 990 2111 verbera
1012 2046 1154 2113 intenta-

239 2166 307 2232 bat.
329 2162 374 2230 Et
395 2176 484 2227 erant
498 2176 626 2239 contra,
648 2158 700 2246 qui
721 2176 838 2227 tantam
861 2158 994 2229 fortunae
1015 2182 1152 2229 commu-

239 2280 390 2345 tationem
411 2276 648 2339 miserarentur.
671 2272 844 2364 Secutaque
864 2298 934 2343 cum
957 2278 1056 2368 parvis
1076 2276 1149 2343 libe-

240 2394 282 2458 ris
302 2393 453 2471 conjunx,
482 2386 587 2454 contra
608 2390 829 2457 lamentatione
851 2392 1047 2482 complebat.
1089 2393 1150 2460 Di-

240 2508 334 2575 versis
354 2504 390 2574 &
411 2502 559 2571 conteblis
581 2504 727 2572 vehiculis
750 2507 917 2590 abduntur,
939 2509 1011 2576 dum
1026 2508 1147 2575 Pharas-

240 2626 337 2689 manis
359 2626 440 2716 jussa
460 2621 715 2710 exquirerentur.
739 2621 791 2689 Illi
811 2622 923 2712 cupido
945 2628 1034 2718 regni
1055 2622 1148 2693 fratre
1204 2690 1207 2697 ,

239 2738 274 2806 or
296 2738 356 2804 filio
377 2738 498 2829 potior,
521 2737 698 2825 animusque
720 2738 881 2805 sceleribus
906 2758 1049 2828 paratus:
1078 2742 1149 2807 visui

207 2862 212 2871 '
238 2870 344 2920 tamen
357 2853 528 2935 consuluit,
552 2875 591 2919 ne
605 2874 708 2920 coram
724 2852 990 2923 interficerentur.
1014 2856 1056 2923 Et
1065 2856 1145 2923 Rha-

238 2969 401 3050 damistus‚
436 2970 520 3058 quasi
542 2970 735 3050 jurisjurandi
757 2992 892 3053 mernor,
933 2996 993 3040 non
1015 2970 1146 3053 ferrum,

237 3108 300 3153 non
329 3103 481 3150 venenum
509 3086 539 3149 in
569 3106 703 3155 sororem
738 3083 773 3152 &
801 3104 944 3175 patruum
973 3089 1146 3177 expromit3

236 3203 290 3270 sod
313 3196 462 3293 projellos
481 3199 512 3264 in
534 3199 687 3281 humum,
714 3199 748 3268 δι
775 3219 859 3268 veste
880 3204 976 3269 multa
1005 3203 1147 3295 gravique

235 3334 361 3404 opertos
382 3331 490 3382 necat.
519 3314 590 3380 Filii
612 3336 733 3403 quoque
755 3314 966 3401 Mithridatis,
987 3318 1065 3409 quod
1083 3339 1143 3385 cae-

236 3431 320 3497 dibus
340 3449 503 3521 parentum
525 3431 818 3514 inluminaverunt,
841 3434 985 3501 trucidati
1006 3449 1087 3499 sunt.
